@misc{Litjens2018,
    title = {{1399 H{\&}E-stained sentinel lymph node sections of breast cancer patients: The CAMELYON dataset}},
    year = {2018},
    booktitle = {GigaScience},
    author = {Litjens, Geert and Bandi, Peter and Bejnordi, Babak Ehteshami and Geessink, Oscar and Balkenhol, Maschenka and Bult, Peter and Halilovic, Altuna and Hermsen, Meyke and van de Loo, Rob and Vogels, Rob and Manson, Quirine F. and Stathonikos, Nikolas and Baidoshvili, Alexi and van Diest, Paul and Wauters, Carla and van Dijk, Marcory and van der Laak, Jeroen},
    number = {6},
    month = {6},
    volume = {7},
    publisher = {Oxford University Press},
    doi = {10.1093/gigascience/giy065},
    issn = {2047217X},
    keywords = {Breast cancer, Grand challenge, Lymph node metastases, Sentinel node, Whole-slide images}
}

@article{Nielsen2010,
    title = {{A Comparison of PAM50 Intrinsic Subtyping with Immunohistochemistry and Clinical Prognostic Factors in Tamoxifen-Treated Estrogen Receptor–Positive Breast Cancer}},
    year = {2010},
    journal = {Clinical Cancer Research},
    author = {Nielsen, Torsten O. and Parker, Joel S. and Leung, Samuel and Voduc, David and Ebbert, Mark and Vickery, Tammi and Davies, Sherri R. and Snider, Jacqueline and Stijleman, Inge J. and Reed, Jerry and Cheang, Maggie C.U. and Mardis, Elaine R. and Perou, Charles M. and Bernard, Philip S. and Ellis, Matthew J.},
    number = {21},
    month = {11},
    pages = {5222--5232},
    volume = {16},
    url = {http://www.ncbi.nlm.nih.gov/pubmed/20837693 http://www.pubmedcentral.nih.gov/articlerender.fcgi?artid=PMC2970720 http://clincancerres.aacrjournals.org/lookup/doi/10.1158/1078-0432.CCR-10-1282},
    doi = {10.1158/1078-0432.CCR-10-1282},
    issn = {1078-0432},
    pmid = {20837693}
}

@article{Fine2012,
    title = {{A contemporary update on pathology reporting for prostate cancer: Biopsy and radical prostatectomy specimens}},
    year = {2012},
    journal = {European Urology},
    author = {Fine, Samson W and Amin, Mahul B and Berney, Daniel M and Bjartell, Anders and Egevad, Lars and Epstein, Jonathan I and Humphrey, Peter A and Magi-Galluzzi, Christina and Montironi, Rodolfo and Stief, Christian},
    number = {1},
    pages = {20--39},
    volume = {62},
    isbn = {1873-7560 (Electronic){\$}{\textbackslash}{\$}r0302-2838 (Linking)},
    doi = {10.1016/j.eururo.2012.02.055},
    issn = {03022838},
    pmid = {22421083},
    keywords = {Gleason grading, Needle biopsy, Prostate cancer, Radical prostatectomy, Reporting, Staging}
}

@article{Xu2016,
    title = {{A Deep Convolutional Neural Network for segmenting and classifying epithelial and stromal regions in histopathological images}},
    year = {2016},
    journal = {Neurocomputing},
    author = {Xu, Jun and Luo, Xiaofei and Wang, Guanhao and Gilmore, Hannah and Madabhushi, Anant},
    pages = {214--223},
    volume = {191},
    publisher = {Elsevier},
    url = {http://dx.doi.org/10.1016/j.neucom.2016.01.034},
    doi = {10.1016/j.neucom.2016.01.034},
    issn = {18728286},
    pmid = {28154470},
    keywords = {Breast histopathology, Colorectal cancer, Deep Convolutional Neural Networks, Feature representation, Regions, The classification of epithelial and stromal}
}

@article{article,
    title = {{A deep learning model integrating FCNNs and CRFs for brain tumor segmentation}},
    year = {2017},
    journal = {Medical Image Analysis},
    author = {Zhao, Xiaomei and Wu, Yihong and Song, Guidong and Zhenye, li and Zhang, Yazhuo and Fan, Yong},
    volume = {43}
}

@article{Zintgraf2016,
    title = {{A New Method to Visualize Deep Neural Networks}},
    year = {2016},
    author = {Zintgraf, Luisa M. and Cohen, Taco S. and Welling, Max},
    arxivId = {1603.02518}
}

@article{Brugger2019,
    title = {{A Partially Reversible U-Net for Memory-Efficient Volumetric Image Segmentation}},
    year = {2019},
    author = {Br{\"{u}}gger, Robin and Baumgartner, Christian F. and Konukoglu, Ender},
    month = {6},
    url = {http://arxiv.org/abs/1906.06148},
    arxivId = {1906.06148}
}

@article{Lane2005,
    title = {{A review of randomized controlled trials comparing the effectiveness of hand held computers with paper methods for data collection}},
    year = {2005},
    journal = {BMC Med Inform Decis Mak},
    author = {Lane, Shannon J and Heddle, Nancy M and Arnold, Emmy and Walker, Irwin T I},
    number = {1},
    month = {1},
    pages = {23},
    volume = {6},
    url = {http://readerific.com/exported/?a=342f2e papers3://publication/doi/10.1186/1472-6947-6-23}
}

@misc{Litjens2017,
    title = {{A survey on deep learning in medical image analysis}},
    year = {2017},
    booktitle = {Medical Image Analysis},
    author = {Litjens, Geert and Kooi, Thijs and Bejnordi, Babak Ehteshami and Setio, Arnaud Arindra Adiyoso and Ciompi, Francesco and Ghafoorian, Mohsen and van der Laak, Jeroen A.W.M. and van Ginneken, Bram and S{\'{a}}nchez, Clara I.},
    pages = {60--88},
    volume = {42},
    isbn = {978-1-5386-3220-8},
    doi = {10.1016/j.media.2017.07.005},
    issn = {13618423},
    pmid = {28778026},
    arxivId = {1702.05747},
    keywords = {Convolutional neural networks, Deep learning, Medical imaging, Survey}
}

@inproceedings{TanSKZYL18,
    title = {{A Survey on Deep Transfer Learning}},
    year = {2018},
    booktitle = {Artificial Neural Networks and Machine Learning - {\{}ICANN{\}} 2018 - 27th International Conference on Artificial Neural Networks, Rhodes, Greece, October 4-7, 2018, Proceedings, Part {\{}III{\}}},
    author = {Tan, Chuanqi and Sun, Fuchun and Kong, Tao and Zhang, Wenchang and Yang, Chao and Liu, Chunfang},
    pages = {270--279},
    series = {Lecture Notes in Computer Science},
    volume = {11141},
    publisher = {Springer},
    url = {https://doi.org/10.1007/978-3-030-01424-7_27},
    doi = {10.1007/978-3-030-01424-7{\_}27}
}

@article{Buda2018,
    title = {{A systematic study of the class imbalance problem in convolutional neural networks.}},
    year = {2018},
    journal = {Neural networks : the official journal of the International Neural Network Society},
    author = {Buda, Mateusz and Maki, Atsuto and Mazurowski, Maciej A},
    month = {10},
    pages = {249--259},
    volume = {106},
    doi = {10.1016/j.neunet.2018.07.011},
    issn = {1879-2782 (Electronic)},
    pmid = {30092410},
    keywords = {Humans, Machine Learning, Neural Networks, Computer, Probability, ROC Curve, trends},
    language = {eng}
}

@article{Paeng2016,
    title = {{A Unified Framework for Tumor Proliferation Score Prediction in Breast Histopathology}},
    year = {2016},
    journal = {CoRR},
    author = {Paeng, Kyunghyun and Hwang, Sangheum and Park, Sunggyun and Kim, Minsoo},
    month = {12},
    volume = {abs/1612.0},
    url = {http://arxiv.org/abs/1612.07180},
    arxivId = {1612.07180}
}

@article{Wilson2018,
    title = {{Access to pathology and laboratory medicine services: a crucial gap.}},
    year = {2018},
    journal = {Lancet (London, England)},
    author = {Wilson, Michael L and Fleming, Kenneth A and Kuti, Modupe A and Looi, Lai Meng and Lago, Nestor and Ru, Kun},
    number = {10133},
    month = {5},
    pages = {1927--1938},
    volume = {391},
    publisher = {Elsevier},
    url = {http://www.ncbi.nlm.nih.gov/pubmed/29550029},
    doi = {10.1016/S0140-6736(18)30458-6},
    issn = {1474-547X},
    pmid = {29550029}
}

@inproceedings{Kingma2015,
    title = {{Adam: A method for stochastic optimization}},
    year = {2015},
    booktitle = {International Conference on Learning Representations (ICLR)},
    author = {Kingma, Diederick P and Ba, Jimmy}
}

@article{West2013,
    title = {{Adherence to adalimumab in patients with moderate to severe psoriasis.}},
    year = {2013},
    journal = {Dermatology online journal},
    author = {West, Cameron and Narahari, Swetha and O'Neill, Jenna and Davis, Scott and Huynh, Monica and Clark, Adele and Boles, Ann and Feldman, Steven R},
    number = {5},
    month = {5},
    pages = {18182},
    volume = {19},
    url = {http://eutils.ncbi.nlm.nih.gov/entrez/eutils/elink.fcgi?dbfrom=pubmed&id=24011280&retmode=ref&cmd=prlinks papers3://publication/uuid/43E8BF21-9A3A-4552-97E5-DFDA68E344F1}
}

@article{Carroll2004a,
    title = {{Adherence to topical therapy decreases during the course of an 8-week psoriasis clinical trial: commonly used methods of measuring adherence to topical therapy overestimate actual use.}},
    year = {2004},
    journal = {Journal of the American Academy of Dermatology},
    author = {Carroll, Christie L and Feldman, Steven R and Camacho, Fabian T and Manuel, Janeen C and Balkrishnan, Rajesh},
    number = {2},
    month = {8},
    pages = {212--216},
    volume = {51},
    url = {http://eutils.ncbi.nlm.nih.gov/entrez/eutils/elink.fcgi?dbfrom=pubmed&id=15280839&retmode=ref&cmd=prlinks papers3://publication/uuid/2C78966B-73ED-4A97-809D-AA4BD0379D4A},
    address = {Department of Dermatology, Wake Forest University Health Sciences, Winston-Salem, NC 27104, USA.}
}

@article{Feldman2007,
    title = {{Adherence to topical therapy increases around the time of office visits.}},
    year = {2007},
    journal = {Journal of the American Academy of Dermatology},
    author = {Feldman, Steven R and Camacho, Fabian T and Krejci-Manwaring, Jennifer and Carroll, Christie L and Balkrishnan, Rajesh},
    number = {1},
    month = {7},
    pages = {81--83},
    volume = {57},
    url = {http://eutils.ncbi.nlm.nih.gov/entrez/eutils/elink.fcgi?dbfrom=pubmed&id=17498841&retmode=ref&cmd=prlinks papers3://publication/doi/10.1016/j.jaad.2007.04.005},
    address = {Center for Dermatology Research, Department of Dermatology, The Ohio State University College of Pharmacy, Columbus, USA. sfeldman@wfubmc.edu}
}

@article{Devaux2012,
    title = {{Adherence to topical treatment in psoriasis: a systematic literature review.}},
    year = {2012},
    journal = {Journal of the European Academy of Dermatology and Venereology : JEADV},
    author = {Devaux, S and Castela, A and Archier, E and Gallini, A and Joly, P and Misery, L and Aractingi, S and Aubin, F and Bachelez, H and Cribier, B and Jullien, D and Le Maitre, M and Richard, M-A and Ortonne, J-P and Paul, C},
    month = {5},
    pages = {61--67},
    volume = {26 Suppl 3},
    url = {http://eutils.ncbi.nlm.nih.gov/entrez/eutils/elink.fcgi?dbfrom=pubmed&id=22512682&retmode=ref&cmd=prlinks papers3://publication/doi/10.1111/j.1468-3083.2012.04525.x},
    address = {Dermatology Department, Paul Sabatier University, Toulouse, France. devaux.s@chu-toulouse.fr}
}

@inproceedings{Mishkin2015,
    title = {{All you need is a good init}},
    year = {2016},
    booktitle = {International Conference on Learning Representations (ICLR)},
    author = {Mishkin, Dmytro and Matas, Jiri},
    month = {11},
    url = {http://arxiv.org/abs/1511.06422},
    arxivId = {1511.06422}
}

@article{Masse2018,
    title = {{Alleviating catastrophic forgetting using context-dependent gating and synaptic stabilization}},
    year = {2018},
    author = {Masse, Nicolas Y. and Grant, Gregory D. and Freedman, David J.},
    url = {http://arxiv.org/abs/1802.01569},
    arxivId = {1802.01569}
}

@article{Li2019a,
    title = {{An attention-based multi-resolution model for prostate whole slide imageclassification and localization}},
    year = {2019},
    journal = {arXiv preprint},
    author = {Li, Jiayun and Li, Wenyuan and Gertych, Arkadiusz and Knudsen, Beatrice S and Speier, William and Arnold, Corey W},
    volume = {1905.13208},
    url = {http://arxiv.org/abs/1905.13208},
    arxivId = {1905.13208}
}

@techreport{Smith2018,
    title = {{An Inference-Based Policy Gradient Method for Learning Options}},
    year = {2018},
    author = {Smith, Matthew J A and Van Hoof, Herke and Pineau, Joelle}
}

@article{Zhang2018,
    title = {{An Information-Theoretic View for Deep Learning}},
    year = {2018},
    author = {Zhang, Jingwei and Liu, Tongliang and Tao, Dacheng},
    arxivId = {1804.09060}
}

@article{Epstein2010,
    title = {{An Update of the Gleason Grading System}},
    year = {2010},
    journal = {Journal of Urology},
    author = {Epstein, Jonathan I.},
    number = {2},
    month = {2},
    pages = {433--440},
    volume = {183},
    url = {http://www.jurology.com/doi/10.1016/j.juro.2009.10.046},
    doi = {10.1016/j.juro.2009.10.046},
    issn = {0022-5347},
    keywords = {adenocarcinoma, carcinoma, prostate, prostatic neoplasms, small cell, surgical pathology}
}

@article{Rescigno2000,
    title = {{Area under the curve and bioavailability.}},
    year = {2000},
    journal = {Pharmacological research the official journal of the Italian Pharmacological Society},
    author = {Rescigno, A},
    number = {6},
    pages = {539--540},
    volume = {42},
    url = {http://www.ncbi.nlm.nih.gov/pubmed/11058405},
    institution = {rescigno@earthlink.net},
    pmid = {11058405}
}

@article{Strom2020,
    title = {{Artificial intelligence for diagnosis and grading of prostate cancer in biopsies: a population-based, diagnostic study}},
    year = {2020},
    journal = {The Lancet Oncology},
    author = {Str{\"{o}}m, Peter and Kartasalo, Kimmo and Olsson, Henrik and Solorzano, Leslie and Delahunt, Brett and Berney, Daniel M and Bostwick, David G and Evans, Andrew J and Grignon, David J and Humphrey, Peter A and Iczkowski, Kenneth A and Kench, James G and Kristiansen, Glen and van der Kwast, Theodorus H and Leite, Katia R M and McKenney, Jesse K and Oxley, Jon and Pan, Chin-Chen and Samaratunga, Hemamali and Srigley, John R and Takahashi, Hiroyuki and Tsuzuki, Toyonori and Varma, Murali and Zhou, Ming and Lindberg, Johan and Lindskog, Cecilia and Ruusuvuori, Pekka and W{\"{a}}hlby, Carolina and Gr{\"{o}}nberg, Henrik and Rantalainen, Mattias and Egevad, Lars and Eklund, Martin},
    number = {2},
    month = {2},
    pages = {222--232},
    volume = {21},
    publisher = {Elsevier},
    url = {https://www.sciencedirect.com/science/article/pii/S1470204519307387?via%3Dihub},
    doi = {10.1016/S1470-2045(19)30738-7},
    issn = {1470-2045}
}

@article{Ilse2018,
    title = {{Attention-based Deep Multiple Instance Learning}},
    year = {2018},
    journal = {arXiv preprint},
    author = {Ilse, Maximilian and Tomczak, Jakub M. and Welling, Max},
    volume = {1802.04712},
    url = {http://arxiv.org/abs/1802.04712},
    arxivId = {1802.04712}
}

@article{Bulten2020,
    title = {{Automated deep-learning system for Gleason grading of prostate cancer using biopsies: a diagnostic study}},
    year = {2020},
    journal = {The Lancet Oncology},
    author = {Bulten, Wouter and Pinckaers, Hans and van Boven, Hester and Vink, Robert and de Bel, Thomas and van Ginneken, Bram and van der Laak, Jeroen and Hulsbergen-van de Kaa, Christina and Litjens, Geert},
    number = {2},
    month = {2},
    pages = {233--241},
    volume = {21},
    url = {https://linkinghub.elsevier.com/retrieve/pii/S1470204519307399},
    doi = {10.1016/S1470-2045(19)30739-9},
    issn = {14702045}
}

@article{Bulten2020a,
    title = {{Automated deep-learning system for Gleason grading of prostate cancer using biopsies: a diagnostic study}},
    year = {2020},
    journal = {The Lancet Oncology},
    author = {Bulten, Wouter and Pinckaers, Hans and van Boven, Hester and Vink, Robert and de Bel, Thomas and van Ginneken, Bram and van der Laak, Jeroen and Hulsbergen-van de Kaa, Christina and Litjens, Geert},
    number = {2},
    month = {2},
    pages = {233--241},
    volume = {21},
    publisher = {Elsevier},
    url = {https://www.sciencedirect.com/science/article/pii/S1470204519307399},
    doi = {10.1016/S1470-2045(19)30739-9},
    issn = {1470-2045}
}

@article{Arvaniti2018,
    title = {{Automated Gleason grading of prostate cancer tissue microarrays via deep learning}},
    year = {2018},
    journal = {Scientific Reports},
    author = {Arvaniti, Eirini and Fricker, Kim S. and Moret, Michael and Rupp, Niels and Hermanns, Thomas and Fankhauser, Christian and Wey, Norbert and Wild, Peter J. and R{\"{u}}schoff, Jan H. and Claassen, Manfred},
    number = {1},
    month = {12},
    pages = {12054},
    volume = {8},
    url = {http://www.nature.com/articles/s41598-018-30535-1},
    doi = {10.1038/s41598-018-30535-1},
    issn = {2045-2322}
}

@inproceedings{Li2019,
    title = {{Automatic brain structures segmentation using deep residual dilated U-Net}},
    year = {2019},
    booktitle = {Lecture Notes in Computer Science (including subseries Lecture Notes in Artificial Intelligence and Lecture Notes in Bioinformatics)},
    author = {Li, Hongwei and Zhygallo, Andrii and Menze, Bjoern},
    month = {11},
    pages = {385--393},
    volume = {11383 LNCS},
    url = {http://arxiv.org/abs/1811.04312},
    isbn = {9783030117221},
    doi = {10.1007/978-3-030-11723-8{\_}39},
    issn = {16113349},
    arxivId = {1811.04312},
    keywords = {Brain structure segmentation, Deep learning}
}

@article{Geijs,
    title = {{Automatic color unmixing of IHC stained whole slide images}},
    author = {Geijs, D J and Intezar, M, J.A.W.M. van der Laak, G.J.S. Litjens},
    keywords = {color deconvolution, histopathology, hsd color space, whole-slide imaging}
}

@article{Berland2006,
    title = {{Automatic differentiation}},
    year = {2006},
    author = {Berland, Håvard}
}

@article{nguyen2017,
    title = {{Automatic Gleason grading of prostate cancer using quantitative phase imaging and machine learning}},
    year = {2017},
    journal = {Journal of biomedical optics},
    author = {Nguyen, Tan Huu and Sridharan, Shamira and Macias, Virgilia and Kajdacsy-Balla, Andre and Melamed, Jonathan and Do, Minh N and Popescu, Gabriel},
    number = {3},
    pages = {36015},
    volume = {22},
    publisher = {International Society for Optics and Photonics}
}

@article{Izmailov2018,
    title = {{Averaging Weights Leads to Wider Optima and Better Generalization}},
    year = {2018},
    journal = {arXiv preprint},
    author = {Izmailov, Pavel and Podoprikhin, Dmitrii and Garipov, Timur and Vetrov, Dmitry and Wilson, Andrew Gordon},
    volume = {1803.05407},
    url = {http://arxiv.org/abs/1803.05407},
    arxivId = {1803.05407}
}

@inproceedings{Ioffe2015,
    title = {{Batch Normalization: Accelerating Deep Network Training by Reducing Internal Covariate Shift}},
    year = {2015},
    booktitle = {Proceedings of the 32Nd International Conference on International Conference on Machine Learning - Volume 37},
    author = {Ioffe, Sergey and Szegedy, Christian},
    pages = {448--456},
    series = {ICML'15},
    publisher = {JMLR.org},
    url = {http://dl.acm.org/citation.cfm?id=3045118.3045167}
}

@inproceedings{Blei,
    title = {{Bayesian Deep Learning and Generic Bayesian Inference}},
    author = {Blei, David M},
    keywords = {Alison Toon, Alison Toon Photographer, GALA 2014, GALAconf, Galata Bridge, Golden Horn, Istanbul, Turkey, all rights reserved, boats, buying, children, city, city life, city view, copyright, crowd, destination, market, men, people, street, tourism, travel, view, women}
}

@article{Kutta1901a,
    title = {{Beitrag zur n{\"{a}}herungsweisen Integration totaler Differentialgleichungen}},
    year = {1901},
    journal = {Zeitschrift f{\"{u}}r Mathematik und Physik},
    author = {Kutta, Wilhelm},
    pages = {435--453},
    volume = {46}
}

@article{Kutta1901,
    title = {{Beitrag zur näherungsweisen Integration totaler Differentialgleichungen}},
    year = {1901},
    author = {Kutta, Wilhelm},
    publisher = {B.G Teubner},
    address = {Leipzig},
    language = {German}
}

@article{Carroll2004c,
    title = {{Better medication adherence results in greater improvement in severity of psoriasis.}},
    year = {2004},
    journal = {The British journal of dermatology},
    author = {Carroll, C L and Feldman, S R and Camacho, F T and Balkrishnan, R},
    number = {4},
    month = {10},
    pages = {895--897},
    volume = {151},
    url = {http://eutils.ncbi.nlm.nih.gov/entrez/eutils/elink.fcgi?dbfrom=pubmed&id=15491434&retmode=ref&cmd=prlinks papers3://publication/doi/10.1111/j.1365-2133.2004.06174.x},
    address = {Department of Dermatology, Wake Forest University School of Medicine, Winston-Salem, NC, USA.}
}

@inproceedings{Xu2019b,
    title = {{CAMEL: A Weakly Supervised Learning Framework for Histopathology Image Segmentation}},
    year = {2019},
    booktitle = {2019 IEEE/CVF International Conference on Computer Vision (ICCV)},
    author = {Xu, Gang and Song, Zhigang and Sun, Zhuo and Ku, Calvin and Yang, Zhe and Liu, Cancheng and Wang, Shuhao and Ma, Jianpeng and Xu, Wei},
    month = {10},
    pages = {10681--10690},
    publisher = {IEEE},
    url = {https://ieeexplore.ieee.org/document/9008367/},
    isbn = {978-1-7281-4803-8},
    doi = {10.1109/ICCV.2019.01078}
}

@article{Irvin2019,
    title = {{CheXpert: A Large Chest Radiograph Dataset with Uncertainty Labels and Expert Comparison}},
    year = {2019},
    author = {Irvin, Jeremy and Rajpurkar, Pranav and Ko, Michael and Yu, Yifan and Ciurea-Ilcus, Silviana and Chute, Chris and Marklund, Henrik and Haghgoo, Behzad and Ball, Robyn and Shpanskaya, Katie and Seekins, Jayne and Mong, David A. and Halabi, Safwan S. and Sandberg, Jesse K. and Jones, Ricky and Larson, David B. and Langlotz, Curtis P. and Patel, Bhavik N. and Lungren, Matthew P. and Ng, Andrew Y.},
    month = {1},
    url = {http://arxiv.org/abs/1901.07031},
    arxivId = {1901.07031}
}

@article{Cui2019,
    title = {{Class-Balanced Loss Based on Effective Number of Samples}},
    year = {2019},
    author = {Cui, Yin and Jia, Menglin and Lin, Tsung-Yi and Song, Yang and Belongie, Serge},
    month = {1},
    url = {http://arxiv.org/abs/1901.05555},
    arxivId = {1901.05555}
}

@article{Courtiol,
    title = {{CLASSIFICATION AND DISEASE LOCALIZATION IN HISTOPATHOLOGY USING ONLY GLOBAL LABELS: A WEAKLY-SUPERVISED APPROACH}},
    author = {Courtiol, Pierre and Tramel, Eric W and Sanselme, Marc and Wainrib, Gilles}
}

@article{Courtiol2018,
    title = {{Classification and Disease Localization in Histopathology Using Only Global Labels: A Weakly-Supervised Approach}},
    year = {2018},
    journal = {arXiv preprint},
    author = {Courtiol, Pierre and Tramel, Eric W. and Sanselme, Marc and Wainrib, Gilles},
    volume = {1802.02212},
    url = {http://arxiv.org/abs/1802.02212},
    arxivId = {1802.02212}
}

@article{DBLP:journals/corr/abs-1802-02212,
    title = {{Classification and Disease Localization in Histopathology Using Only Global Labels: {\{}A{\}} Weakly-Supervised Approach}},
    year = {2018},
    journal = {CoRR},
    author = {Courtiol, Pierre and Tramel, Eric W and Sanselme, Marc and Wainrib, Gilles},
    volume = {abs/1802.0},
    url = {http://arxiv.org/abs/1802.02212},
    arxivId = {1802.02212}
}

@article{Campanella2019,
    title = {{Clinical-grade computational pathology using weakly supervised deep learning on whole slide images}},
    year = {2019},
    journal = {Nature Medicine},
    author = {Campanella, Gabriele and Hanna, Matthew G. and Geneslaw, Luke and Miraflor, Allen and Werneck Krauss Silva, Vitor and Busam, Klaus J. and Brogi, Edi and Reuter, Victor E. and Klimstra, David S. and Fuchs, Thomas J.},
    number = {8},
    month = {8},
    pages = {1301--1309},
    volume = {25},
    url = {http://www.nature.com/articles/s41591-019-0508-1},
    doi = {10.1038/s41591-019-0508-1},
    issn = {1078-8956}
}

@incollection{NIPS2014_5597,
    title = {{Communication Efficient Distributed Machine Learning with the Parameter Server}},
    year = {2014},
    booktitle = {Advances in Neural Information Processing Systems 27},
    author = {Li, Mu and Andersen, David G and Smola, Alexander J and Yu, Kai},
    editor = {Ghahramani, Z and Welling, M and Cortes, C and Lawrence, N D and Weinberger, K Q},
    pages = {19--27},
    publisher = {Curran Associates, Inc.},
    url = {http://papers.nips.cc/paper/5597-communication-efficient-distributed-machine-learning-with-the-parameter-server.pdf}
}

@article{Morren2009,
    title = {{Compliance with momentary pain measurement using electronic diaries: A systematic review}},
    year = {2009},
    journal = {European Journal of Pain},
    author = {Morren, Mattijn and Dulmen, Sandra and Ouwerkerk, Jessika and Bensing, Jozien},
    month = {4},
    pages = {354--365},
    volume = {13},
    url = {http://readerific.com/exported/?a=0da420 papers3://publication/uuid/C4A3E8BA-6C89-4937-89C9-F403C2762C4C}
}

@article{Pathak2015,
    title = {{Constrained Convolutional Neural Networks for Weakly Supervised Segmentation}},
    year = {2015},
    author = {Pathak, Deepak and Kr{\"{a}}henb{\"{u}}hl, Philipp and Darrell, Trevor},
    month = {6},
    url = {http://arxiv.org/abs/1506.03648},
    arxivId = {1506.03648}
}

@misc{AndrejKarpathy,
    title = {{CS231n Convolutional Neural Networks for Visual Recognition}},
    author = {{Andrej Karpathy}},
    url = {http://cs231n.github.io/}
}

@inproceedings{Smith2017,
    title = {{Cyclical learning rates for training neural networks}},
    year = {2017},
    booktitle = {Proceedings - 2017 IEEE Winter Conference on Applications of Computer Vision, WACV 2017},
    author = {Smith, Leslie N.},
    isbn = {9781509048229},
    doi = {10.1109/WACV.2017.58},
    arxivId = {1506.01186}
}

@article{lu2020data,
    title = {{Data Efficient and Weakly Supervised Computational Pathology on Whole Slide Images}},
    year = {2020},
    journal = {arXiv preprint},
    author = {Lu, Ming Y and Williamson, Drew F K and Chen, Tiffany Y and Chen, Richard J and Barbieri, Matteo and Mahmood, Faisal},
    volume = {2004.09666},
    arxivId = {eess.IV/2004.09666}
}

@misc{Kaggle2017,
    title = {{Data Science Bowl 2017 | Kaggle}},
    url = {https://www.kaggle.com/c/data-science-bowl-2017}
}

@inproceedings{Krahenbuhl2015,
    title = {{Data-dependent Initializations of Convolutional Neural Networks}},
    year = {2016},
    booktitle = {International Conference on Learning Representations (ICLR)},
    author = {Kr{\"{a}}henb{\"{u}}hl, Philipp and Doersch, Carl and Donahue, Jeff and Darrell, Trevor},
    month = {11},
    url = {http://arxiv.org/abs/1511.06856},
    arxivId = {1511.06856}
}

@inproceedings{Chen2016,
    title = {{DCAN: Deep Contour-Aware Networks for Accurate Gland Segmentation}},
    year = {2016},
    booktitle = {Proceedings of the IEEE Computer Society Conference on Computer Vision and Pattern Recognition},
    author = {Chen, Hao and Qi, Xiaojuan and Yu, Lequan and Heng, Pheng Ann},
    month = {4},
    pages = {2487--2496},
    volume = {2016-Decem},
    url = {http://arxiv.org/abs/1604.02677},
    isbn = {9781467388504},
    doi = {10.1109/CVPR.2016.273},
    issn = {10636919},
    arxivId = {1604.02677}
}

@article{Zhou2017,
    title = {{Deep Forest: Towards An Alternative to Deep Neural Networks}},
    year = {2017},
    author = {Zhou, Zhi-Hua and Feng, Ji},
    arxivId = {1702.08835}
}

@article{Simonyan2013,
    title = {{Deep Inside Convolutional Networks: Visualising Image Classification Models and Saliency Maps}},
    year = {2013},
    journal = {CoRR},
    author = {Simonyan, Karen and Vedaldi, Andrea and Zisserman, Andrew},
    month = {12},
    url = {http://arxiv.org/abs/1312.6034},
    arxivId = {1312.6034}
}

@article{Litjens2016,
    title = {{Deep learning as a tool for increased accuracy and efficiency of histopathological diagnosis}},
    year = {2016},
    journal = {Scientific Reports},
    author = {Litjens, Geert and S{\'{a}}nchez, Clara I. and Timofeeva, Nadya and Hermsen, Meyke and Nagtegaal, Iris and Kovacs, Iringo and Hulsbergen - van de Kaa, Christina and Bult, Peter and van Ginneken, Bram and van der Laak, Jeroen},
    number = {1},
    month = {9},
    pages = {26286},
    volume = {6},
    url = {http://www.nature.com/articles/srep26286},
    doi = {10.1038/srep26286},
    issn = {2045-2322},
    pmid = {27212078}
}

@article{Balkenhol2019,
    title = {{Deep learning assisted mitotic counting for breast cancer}},
    year = {2019},
    journal = {Laboratory Investigation},
    author = {Balkenhol, M.C.A. and Tellez, D. and Vreuls, W. and Clahsen, P.C. and Pinckaers, H. and Ciompi, F. and Bult, P. and van der Laak, J.A.W.M.},
    doi = {10.1038/s41374-019-0275-0},
    issn = {15300307}
}

@incollection{Chen2014,
    title = {{Deep Learning Based Automatic Immune Cell Detection for Immunohistochemistry Images}},
    year = {2014},
    author = {Chen, Ting and Chefd’hotel, Christophe},
    pages = {17--24},
    url = {https://pdfs.semanticscholar.org/e47c/3012e443d3bd7b0e5630427595e765c4b21f.pdf http://link.springer.com/10.1007/978-3-319-10581-9_3},
    isbn = {978-3-319-10581-9},
    doi = {10.1007/978-3-319-10581-9{\_}3}
}

@article{Lucas2019,
    title = {{Deep learning for automatic Gleason pattern classification for grade group determination of prostate biopsies}},
    year = {2019},
    journal = {Virchows Archiv},
    author = {Lucas, Marit and Jansen, Ilaria and Savci-Heijink, C. Dilara and Meijer, Sybren L. and de Boer, Onno J. and van Leeuwen, Ton G. and de Bruin, Daniel M. and Marquering, Henk A.},
    number = {1},
    month = {7},
    pages = {77--83},
    volume = {475},
    url = {http://link.springer.com/10.1007/s00428-019-02577-x},
    doi = {10.1007/s00428-019-02577-x},
    issn = {0945-6317},
    keywords = {Convolutional neural network, Gleason patterns, Grade groups, Prostate}
}

@article{7486259,
    title = {{Deep Learning for Remote Sensing Data: A Technical Tutorial on the State of the Art}},
    year = {2016},
    journal = {IEEE Geoscience and Remote Sensing Magazine},
    author = {Zhang, L and Zhang, L and Du, B},
    number = {2},
    pages = {22--40},
    volume = {4},
    doi = {10.1109/MGRS.2016.2540798},
    issn = {2168-6831},
    keywords = {data analysis;data mining;feature extraction;geoph}
}

@misc{Ma2019,
    title = {{Deep learning in remote sensing applications: A meta-analysis and review}},
    year = {2019},
    booktitle = {ISPRS Journal of Photogrammetry and Remote Sensing},
    author = {Ma, Lei and Liu, Yu and Zhang, Xueliang and Ye, Yuanxin and Yin, Gaofei and Johnson, Brian Alan},
    month = {6},
    pages = {166--177},
    volume = {152},
    publisher = {Elsevier B.V.},
    doi = {10.1016/j.isprsjprs.2019.04.015},
    issn = {09242716},
    keywords = {Deep learning (DL), LULC classification, Object detection, Remote sensing, Scene classification}
}

@inproceedings{Bengio2013,
    title = {{Deep learning of representations: Looking forward}},
    year = {2013},
    booktitle = {Lecture Notes in Computer Science (including subseries Lecture Notes in Artificial Intelligence and Lecture Notes in Bioinformatics)},
    author = {Bengio, Yoshua},
    isbn = {9783642395925},
    doi = {10.1007/978-3-642-39593-2{\_}1},
    issn = {03029743},
    arxivId = {1305.0445}
}

@article{Hestness,
    title = {{DEEP LEARNING SCALING IS PREDICTABLE, EMPIRICALLY}},
    author = {Hestness, Joel and Narang, Sharan and Ardalani, Newsha and Diamos, Gregory and Jun, Heewoo and Kianinejad, Hassan and Mostofa Ali Patwary, Md and Yang, Yang and Zhou, Yanqi and Research, Baidu}
}

@inproceedings{He2016,
    title = {{Deep residual learning for image recognition}},
    year = {2016},
    booktitle = {Proceedings of the IEEE Computer Society Conference on Computer Vision and Pattern Recognition},
    author = {He, Kaiming and Zhang, Xiangyu and Ren, Shaoqing and Sun, Jian},
    month = {12},
    pages = {770--778},
    volume = {2016},
    publisher = {IEEE Computer Society},
    isbn = {9781467388504},
    doi = {10.1109/CVPR.2016.90},
    issn = {10636919}
}

@inproceedings{He2016b,
    title = {{Deep Residual Learning for Image Recognition}},
    year = {2016},
    booktitle = {2016 IEEE Conference on Computer Vision and Pattern Recognition (CVPR)},
    author = {He, K and Zhang, X and Ren, S and Sun, J},
    pages = {770--778},
    doi = {10.1109/CVPR.2016.90},
    issn = {1063-6919},
    keywords = {CIFAR-10, COCO object detection dataset, COCO segmentation, Complexity theory, Degradation, ILSVRC {\&} COCO 2015 competitions, ILSVRC 2015 classification task, Image recognition, Image segmentation, ImageNet dataset, ImageNet localization, ImageNet test set, Neural networks, Training, VGG nets, Visualization, deep residual learning, deep residual nets, deeper neural network training, image classification, image recognition, learning (artificial intelligence), neural nets, object detection, residual function learning, residual nets, visual recognition tasks}
}

@inproceedings{He:2015:DDR:2919332.2919814,
    title = {{Delving Deep into Rectifiers: Surpassing Human-Level Performance on ImageNet Classification}},
    year = {2015},
    booktitle = {Proceedings of the 2015 IEEE International Conference on Computer Vision (ICCV)},
    author = {He, Kaiming and Zhang, Xiangyu and Ren, Shaoqing and Sun, Jian},
    pages = {1026--1034},
    publisher = {IEEE Computer Society},
    url = {http://dx.doi.org/10.1109/ICCV.2015.123},
    address = {Washington, DC, USA},
    isbn = {978-1-4673-8391-2},
    doi = {10.1109/ICCV.2015.123}
}

@inproceedings{Huang2017,
    title = {{Densely connected convolutional networks}},
    year = {2017},
    booktitle = {Proceedings - 30th IEEE Conference on Computer Vision and Pattern Recognition},
    author = {Huang, Gao and Liu, Zhuang and Van Der Maaten, Laurens and Weinberger, Kilian Q.},
    month = {11},
    pages = {2261--2269},
    publisher = {Institute of Electrical and Electronics Engineers Inc.},
    isbn = {9781538604571},
    doi = {10.1109/CVPR.2017.243}
}

@article{Nagpal2019,
    title = {{Development and validation of a deep learning algorithm for improving Gleason scoring of prostate cancer}},
    year = {2019},
    journal = {npj Digital Medicine},
    author = {Nagpal, Kunal and Foote, Davis and Liu, Yun and Chen, Po-Hsuan Cameron and Wulczyn, Ellery and Tan, Fraser and Olson, Niels and Smith, Jenny L. and Mohtashamian, Arash and Wren, James H. and Corrado, Greg S. and MacDonald, Robert and Peng, Lily H. and Amin, Mahul B. and Evans, Andrew J. and Sangoi, Ankur R. and Mermel, Craig H. and Hipp, Jason D. and Stumpe, Martin C.},
    number = {1},
    month = {12},
    pages = {48},
    volume = {2},
    url = {http://www.nature.com/articles/s41746-019-0112-2},
    doi = {10.1038/s41746-019-0112-2},
    issn = {2398-6352}
}

@article{doi:10.1001/jama.2017.14585,
    title = {{Diagnostic assessment of deep learning algorithms for detection of lymph node metastases in women with breast cancer}},
    year = {2017},
    journal = {JAMA},
    author = {Bejnordi, B Ehteshami and Veta, M and van Diest et al, P Johannes},
    number = {22},
    pages = {2199--2210},
    volume = {318},
    url = {+ http://dx.doi.org/10.1001/jama.2017.14585},
    doi = {10.1001/jama.2017.14585}
}

@inproceedings{Folle2019,
    title = {{Dilated deeply supervised networks for hippocampus segmentation in MRI}},
    year = {2019},
    booktitle = {Informatik aktuell},
    author = {Folle, Lukas and Vesal, Sulaiman and Ravikumar, Nishant and Maier, Andreas},
    month = {3},
    pages = {68--73},
    url = {http://arxiv.org/abs/1903.09097},
    isbn = {9783658253257},
    doi = {10.1007/978-3-658-25326-4{\_}18},
    issn = {1431472X},
    arxivId = {1903.09097}
}

@article{Zagoruyko,
    title = {{DiracNets: Training Very Deep Neural Networks Without Skip-Connections}},
    author = {Zagoruyko, Sergey and Komodakis, Nikos}
}

@article{Devalla2018,
    title = {{DRUNET: A Dilated-Residual U-Net Deep Learning Network to Digitally Stain Optic Nerve Head Tissues in Optical Coherence Tomography Images}},
    year = {2018},
    journal = {Invest. Ophthalmol. Vis. Sci.},
    author = {Devalla, Sripad Krishna and Renukanand, Prajwal K. and Sreedhar, Bharathwaj K. and Perera, Shamira and Mari, Jean-Martial and Chin, Khai Sing and Tun, Tin A. and Strouthidis, Nicholas G. and Aung, Tin and Thiery, Alexandre H. and Girard, Michael J. A.},
    number = {1},
    pages = {63--74},
    volume = {59},
    publisher = {The Association for Research in Vision and Ophthalmology},
    url = {http://arxiv.org/abs/1803.00232},
    isbn = {1803.00232},
    doi = {10.1167/iovs.17-22617},
    issn = {1552-5783},
    pmid = {29313052},
    arxivId = {1803.00232},
    keywords = {body tissue, glaucoma, learning, optic disk, optical coherence tomography, training}
}

@article{Sabour,
    title = {{Dynamic Routing Between Capsules}},
    author = {Sabour, Sara and Frosst, Nicholas and Hinton, Geoffrey E}
}

@article{Balato2013,
    title = {{Educational and motivational support service: a pilot study for mobile-phone-based interventions in patients with psoriasis.}},
    year = {2013},
    journal = {The British journal of dermatology},
    author = {Balato, N and Megna, M and Di Costanzo, L and Balato, A and Ayala, F},
    number = {1},
    month = {1},
    pages = {201--205},
    volume = {168},
    url = {http://eutils.ncbi.nlm.nih.gov/entrez/eutils/elink.fcgi?dbfrom=pubmed&id=23240729&retmode=ref&cmd=prlinks papers3://publication/doi/10.1111/j.1365-2133.2012.11205.x},
    address = {Department of Dermatology, University of Naples Federico II, Via Pansini 5, 80131 Naples, Italy.}
}

@article{Zhang2019,
    title = {{Efficient Memory Management for GPU-based Deep Learning Systems}},
    year = {2019},
    author = {Zhang, Junzhe and Yeung, Sai Ho and Shu, Yao and He, Bingsheng and Wang, Wei},
    month = {2},
    url = {http://arxiv.org/abs/1903.06631},
    arxivId = {1903.06631}
}

@inproceedings{Tan2019,
    title = {{EfficientNet: Rethinking Model Scaling for Convolutional Neural Networks}},
    year = {2019},
    booktitle = {Proceedings of the 36th International Conference on Machine Learning},
    author = {Tan, Mingxing and Le, Quoc V.},
    month = {5},
    url = {http://arxiv.org/abs/1905.11946},
    arxivId = {1905.11946}
}

@techreport{Sohl-Dickstein,
    title = {{Eliminating All Bad Local Minima from Loss Landscapes Without Even Adding an Extra Unit}},
    author = {Sohl-Dickstein, Jascha and Kawaguchi, Kenji},
    url = {https://arxiv.org/pdf/1901.03909.pdf},
    arxivId = {1901.00279}
}

@inproceedings{chen2018encoder,
    title = {{Encoder-decoder with atrous separable convolution for semantic image segmentation}},
    year = {2018},
    booktitle = {Proceedings of the European conference on computer vision (ECCV)},
    author = {Chen, Liang-Chieh and Zhu, Yukun and Papandreou, George and Schroff, Florian and Adam, Hartwig},
    pages = {801--818}
}

@article{Litjens2014,
    title = {{Evaluation of prostate segmentation algorithms for MRI: The PROMISE12 challenge}},
    year = {2014},
    journal = {Medical Image Analysis},
    author = {Litjens, Geert and Toth, Robert and van de Ven, Wendy and Hoeks, Caroline and Kerkstra, Sjoerd and van Ginneken, Bram and Vincent, Graham and Guillard, Gwenael and Birbeck, Neil and Zhang, Jindang and Strand, Robin and Malmberg, Filip and Ou, Yangming and Davatzikos, Christos and Kirschner, Matthias and Jung, Florian and Yuan, Jing and Qiu, Wu and Gao, Qinquan and Edwards, Philip Eddie and Maan, Bianca and van der Heijden, Ferdinand and Ghose, Soumya and Mitra, Jhimli and Dowling, Jason and Barratt, Dean and Huisman, Henkjan and Madabhushi, Anant},
    number = {2},
    month = {2},
    pages = {359--373},
    volume = {18},
    url = {https://linkinghub.elsevier.com/retrieve/pii/S1361841513001734},
    doi = {10.1016/j.media.2013.12.002},
    issn = {13618415},
    keywords = {Challenge, MRI, Prostate, Segmentation}
}

@techreport{Shang,
    title = {{Exploring Normalization in Deep Residual Networks with Concatenated Rectified Linear Units}},
    author = {Shang, Wenling and Facebook, Justin Chiu and Sohn, Kihyuk},
    url = {www.aaai.org}
}

@inproceedings{Girshick:2015:FR:2919332.2920125,
    title = {{Fast R-CNN}},
    year = {2015},
    booktitle = {Proceedings of the 2015 IEEE International Conference on Computer Vision (ICCV)},
    author = {Girshick, Ross},
    pages = {1440--1448},
    series = {ICCV '15},
    publisher = {IEEE Computer Society},
    url = {http://dx.doi.org/10.1109/ICCV.2015.169},
    address = {Washington, DC, USA},
    isbn = {978-1-4673-8391-2},
    doi = {10.1109/ICCV.2015.169}
}

@article{Pugliese2016,
    title = {{Feasibility of the “Bring Your Own Device” Model in Clinical Research: Results from a Randomized Controlled Pilot Study of a Mobile Patient Engagement Tool}},
    year = {2016},
    journal = {Cureus},
    author = {Pugliese, Laura and Crowley, Olga and Woodriff, Molly and Lam, Vivian and Sohn, Jeremy and Bradley, Scott},
    month = {3},
    url = {http://readerific.com/exported/?a=67ef1c papers3://publication/uuid/69D149B0-959D-4C4F-AEF3-F3FD2BF26482}
}

@misc{Loshchilov2017,
    title = {{Fixing Weight Decay Regularization in Adam}},
    year = {2017},
    author = {Loshchilov, Ilya and Hutter, Frank},
    url = {http://arxiv.org/abs/1711.05101},
    arxivId = {1711.05101}
}

@article{Hosni2017,
    title = {{Forecasting in the light of Big Data}},
    year = {2017},
    journal = {Philosophy {\&} Technology},
    author = {Hosni, Hykel and Vulpiani, Angelo},
    url = {http://link.springer.com/10.1007/s13347-017-0265-3},
    doi = {10.1007/S13347-017-0265-3},
    arxivId = {1705.11186}
}

@article{Bandi2019,
    title = {{From Detection of Individual Metastases to Classification of Lymph Node Status at the Patient Level: The CAMELYON17 Challenge}},
    year = {2019},
    journal = {IEEE Transactions on Medical Imaging},
    author = {B{\'{a}}ndi, Péter and Geessink, Oscar and Manson, Quirine and Van Dijk, Marcory and Balkenhol, Maschenka and Hermsen, Meyke and Ehteshami Bejnordi, Babak and Lee, Byungjae and Paeng, Kyunghyun and Zhong, Aoxiao and Li, Quanzheng and Zanjani, Farhad Ghazvinian and Zinger, Svitlana and Fukuta, Keisuke and Komura, Daisuke and Ovtcharov, Vlado and Cheng, Shenghua and Zeng, Shaoqun and Thagaard, Jeppe and Dahl, Anders B. and Lin, Huangjing and Chen, Hao and Jacobsson, Ludwig and Hedlund, Martin and {\c{C}}etin, Melih and Halici, Eren and Jackson, Hunter and Chen, Richard and Both, Fabian and Franke, Jörg and Kusters-Vandevelde, Heidi and Vreuls, Willem and Bult, Peter and Van Ginneken, Bram and Van Der Laak, Jeroen and Litjens, Geert},
    number = {2},
    month = {2},
    pages = {550--560},
    volume = {38},
    publisher = {Institute of Electrical and Electronics Engineers Inc.},
    doi = {10.1109/TMI.2018.2867350},
    issn = {1558254X},
    keywords = {Breast cancer, grand challenge, lymph node metastases, sentinel lymph node, whole-slide images}
}

@article{Pinheiro2014,
    title = {{From Image-level to Pixel-level Labeling with Convolutional Networks}},
    year = {2014},
    author = {Pinheiro, Pedro O. and Collobert, Ronan},
    month = {11},
    url = {http://arxiv.org/abs/1411.6228},
    arxivId = {1411.6228}
}

@inproceedings{Shelhamer2015,
    title = {{Fully Convolutional Networks for Semantic Segmentation}},
    year = {2015},
    booktitle = {Proceedings of the IEEE Conference on Computer Vision and Pattern Recognition},
    author = {Shelhamer, Evan and Long, Jonathan and Darrell, Trevor},
    pages = {3431--3440},
    isbn = {9781467369640},
    doi = {10.1109/TPAMI.2016.2572683},
    issn = {01628828},
    pmid = {16190471},
    arxivId = {1411.4038},
    keywords = {Convolutional Networks, Deep Learning, Semantic Segmentation, Transfer Learning}
}

@incollection{Sudre2017,
    title = {{Generalised Dice Overlap as a Deep Learning Loss Function for Highly Unbalanced Segmentations}},
    year = {2017},
    author = {Sudre, Carole H. and Li, Wenqi and Vercauteren, Tom and Ourselin, Sebastien and Jorge Cardoso, M.},
    month = {9},
    pages = {240--248},
    publisher = {Springer, Cham},
    url = {http://link.springer.com/10.1007/978-3-319-67558-9_28},
    doi = {10.1007/978-3-319-67558-9{\_}28}
}

@misc{TheMendeleySupportTeam2010,
    title = {{Getting Started with Mendeley}},
    year = {2010},
    booktitle = {Mendeley Desktop},
    author = {{The Mendeley Support Team}},
    pages = {1--16},
    publisher = {Mendeley Ltd.},
    url = {http://www.mendeley.com},
    address = {London},
    keywords = {Mendeley, how-to, user manual}
}

@inproceedings{Naik2007,
    title = {{Gland Segmentation and Computerized Gleason Grading of Prostate Histology by Integrating Low- , High-level and Domain Specific Information.}},
    year = {2007},
    booktitle = {Proceedings of 2nd Workshop on Microsopic Image Analysis with Applications in Biology},
    author = {Naik, Shivang and Doyle, Scott and Feldman, Michael and Tomaszewski, John and Madabhushi, Anant},
    pages = {1--8}
}

@article{Sirinukunwattana2017,
    title = {{Gland segmentation in colon histology images: The glas challenge contest}},
    year = {2017},
    journal = {Medical Image Analysis},
    author = {Sirinukunwattana, Korsuk and Pluim, Josien P.W. and Chen, Hao and Qi, Xiaojuan and Heng, Pheng-Ann and Guo, Yun Bo and Wang, Li Yang and Matuszewski, Bogdan J. and Bruni, Elia and Sanchez, Urko and B{\"{o}}hm, Anton and Ronneberger, Olaf and Cheikh, Bassem Ben and Racoceanu, Daniel and Kainz, Philipp and Pfeiffer, Michael and Urschler, Martin and Snead, David R.J. and Rajpoot, Nasir M.},
    month = {1},
    pages = {489--502},
    volume = {35},
    url = {https://linkinghub.elsevier.com/retrieve/pii/S1361841516301542},
    doi = {10.1016/j.media.2016.08.008},
    issn = {13618415},
    keywords = {Colon cancer, Digital pathology, Histology image analysis, Intestinal gland, Segmentation}
}

@article{Singh2017,
    title = {{Gland segmentation in prostate histopathological images.}},
    year = {2017},
    journal = {Journal of medical imaging},
    author = {Singh, Malay and Kalaw, Emarene Mationg and Giron, Danilo Medina and Chong, Kian-Tai and Tan, Chew Lim and Lee, Hwee Kuan},
    number = {2},
    pages = {27501},
    volume = {4},
    url = {http://medicalimaging.spiedigitallibrary.org/article.aspx?doi=10.1117/1.JMI.4.2.027501%0Ahttp://www.ncbi.nlm.nih.gov/pubmed/28653016%0Ahttp://www.pubmedcentral.nih.gov/articlerender.fcgi?artid=PMC5479152},
    doi = {10.1117/1.JMI.4.2.027501},
    issn = {2329-4302},
    pmid = {28653016},
    keywords = {AdaBoost, digital pathology, gland segmentation, prostate cancer, support vector machine}
}

@article{Torre2015,
    title = {{Global Cancer Statistics, 2012}},
    year = {2015},
    journal = {CA: a cancer journal of clinicians.},
    author = {Torre, Lindsey A and Bray, Freddie and Siegel, Rebecca L and Ferlay, Jacques and Lortet-tieulent, Joannie and Jemal, Ahmedin},
    number = {2},
    pages = {87--108},
    volume = {65},
    url = {http://onlinelibrary.wiley.com/doi/10.3322/caac.21262/abstract},
    isbn = {00079235},
    doi = {10.3322/caac.21262.},
    issn = {1542-4863 (Electronic)},
    pmid = {25651787},
    arxivId = {arXiv:1011.1669v3},
    keywords = {cancer, epidemiology, health disparities, incidence, survival}
}

@inproceedings{Szegedy2015,
    title = {{Going deeper with convolutions}},
    year = {2015},
    booktitle = {2015 IEEE Conference on Computer Vision and Pattern Recognition (CVPR)},
    author = {Szegedy, C and {Wei Liu} and {Yangqing Jia} and Sermanet, P and Reed, S and Anguelov, D and Erhan, D and Vanhoucke, V and Rabinovich, A},
    pages = {1--9},
    doi = {10.1109/CVPR.2015.7298594},
    keywords = {Computer architecture, Computer vision, Convolutional codes, Hebbian learning, Hebbian principle, Neural networks, Object detection, Sparse matrices, Visualization, architectural decision, convolution, convolutional neural network architecture, decision making, feature extraction, image classification, neural net architecture, object classification, object detection, resource allocation, resource utilization}
}

@inproceedings{Cohen2016,
    title = {{Group equivariant convolutional networks}},
    year = {2016},
    booktitle = {33rd International Conference on Machine Learning, ICML 2016},
    author = {Cohen, Taco S. and Welling, Max},
    month = {2},
    pages = {4375--4386},
    volume = {6},
    url = {http://arxiv.org/abs/1602.07576},
    isbn = {9781510829008},
    arxivId = {1602.07576}
}

@inproceedings{Santurkar2018,
    title = {{How does batch normalization help optimization?}},
    year = {2018},
    booktitle = {Advances in Neural Information Processing Systems},
    author = {Santurkar, Shibani and Tsipras, Dimitris and Ilyas, Andrew and Madry, Aleksander},
    pages = {2483--2493},
    volume = {2018-Decem},
    url = {https://papers.nips.cc/paper/7515-how-does-batch-normalization-help-optimization.pdf},
    issn = {10495258},
    arxivId = {1805.11604}
}

@article{Santurkar,
    title = {{How Does Batch Normalization Help Optimization? (No, It Is Not About Internal Covariate Shift)}},
    author = {Santurkar, Shibani and Tsipras, Dimitris and Ilyas, Andrew and Mit, Adry},
    url = {https://arxiv.org/pdf/1805.11604.pdf}
}

@inproceedings{Krizhevsky2012,
    title = {{ImageNet Classification with Deep Convolutional Neural Networks}},
    year = {2012},
    booktitle = {Proceedings of the 25th Advances in Neural Information Processing Systems},
    author = {Krizhevsky, Alex and Sutskever, Ilya and Hinton, Geoffrey E},
    url = {http://code.google.com/p/cuda-convnet/ http://papers.nips.cc/paper/4824-imagenet-classification-w%5Cnpapers3://publication/uuid/1ECF396A-CEDA-45CD-9A9F-03344449DA2A}
}

@article{Russakovsky2015,
    title = {{ImageNet Large Scale Visual Recognition Challenge}},
    year = {2015},
    journal = {International Journal of Computer Vision},
    author = {Russakovsky, Olga and Deng, Jia and Su, Hao and Krause, Jonathan and Satheesh, Sanjeev and Ma, Sean and Huang, Zhiheng and Karpathy, Andrej and Khosla, Aditya and Bernstein, Michael and Berg, Alexander C. and Fei-Fei, Li},
    number = {3},
    month = {12},
    pages = {211--252},
    volume = {115},
    publisher = {Springer New York LLC},
    doi = {10.1007/s11263-015-0816-y},
    issn = {15731405},
    keywords = {Benchmark, Dataset, Large-scale, Object detection, Object recognition}
}

@misc{Howard2019,
    title = {{Imagenette: a smaller subset of 10 easily classified classes from Imagenet, and a little more French}},
    author = {{Jeremy Howard}},
    url = {https://github.com/fastai/imagenette}
}

@article{DeVries2017,
    title = {{Improved Regularization of Convolutional Neural Networks with Cutout}},
    year = {2017},
    journal = {CoRR},
    author = {DeVries, Terrance and Taylor, Graham W.},
    month = {8},
    volume = {abs/1708.0},
    url = {http://arxiv.org/abs/1708.04552},
    arxivId = {1708.04552}
}

@inproceedings{Vanhoucke2011,
    title = {{Improving the speed of neural networks on CPUs}},
    year = {2011},
    booktitle = {Deep Learning and Unsupervised Feature Learning Workshop, NIPS 2011},
    author = {Vanhoucke, Vincent and Senior, Andrew and Mao, Mark Z}
}

@inproceedings{Bulo2018,
    title = {{In-place Activated BatchNorm for Memory-Optimized Training of DNNs}},
    year = {2018},
    booktitle = {Proceedings of the IEEE Computer Society Conference on Computer Vision and Pattern Recognition},
    author = {Bulo, Samuel Rota and Porzi, Lorenzo and Kontschieder, Peter},
    isbn = {9781538664209},
    doi = {10.1109/CVPR.2018.00591},
    issn = {10636919}
}

@article{Hackel2018,
    title = {{Inference, Learning and Attention Mechanisms that Exploit and Preserve Sparsity in Convolutional Networks}},
    year = {2018},
    author = {Hackel, Timo and Usvyatsov, Mikhail and Galliani, Silvano and Wegner, Jan D. and Schindler, Konrad},
    url = {http://arxiv.org/abs/1801.10585},
    arxivId = {1801.10585}
}

@article{Allsbrook2001,
    title = {{Interobserver reproducibility of Gleason grading of prostatic carcinoma: Urologic pathologists}},
    year = {2001},
    journal = {Human Pathology},
    author = {Allsbrook, William C. and Mangold, Kathy A. and Johnson, Maribeth H. and Lane, Roger B. and Lane, Cynthia G. and Amin, Mahul B. and Bostwick, David G. and Humphrey, Peter A. and Jones, Edward C. and Reuter, Victor E. and Sakr, Wael and Sesterhenn, Isabell A. and Troncoso, Patricia and Wheeler, Thomas M. and Epstein, Jonathan I.},
    doi = {10.1053/hupa.2001.21134},
    issn = {00468177},
    pmid = {11172298},
    keywords = {Gleason grading, Grading, Interobserver reproducibility, Prostatic adenocarcinoma, Prostatic carcinoma, Prostatic neoplasms}
}

@article{Ozkan2016,
    title = {{Interobserver variability in Gleason histological grading of prostate cancer}},
    year = {2016},
    journal = {Scandinavian Journal of Urology},
    author = {Ozkan, Tayyar A. and Eruyar, Ahmet T. and Cebeci, Oguz O. and Memik, Omur and Ozcan, Levent and Kuskonmaz, Ibrahim},
    number = {6},
    month = {11},
    pages = {420--424},
    volume = {50},
    url = {https://www.tandfonline.com/doi/full/10.1080/21681805.2016.1206619},
    doi = {10.1080/21681805.2016.1206619},
    issn = {2168-1805},
    keywords = {Gleason grading, neoplasm grading, observer variation, prostatic neoplasms}
}

@article{deJong2014,
    title = {{Invloed van mictiehouding op urodynamische parameters bij mannen: een literatuuronderzoek}},
    year = {2014},
    journal = {Tijdschrift voor Urologie},
    author = {de Jong, Y and Pinckaers, J.H.F.M. and ten Brinck, R M and {\`{a}} Nijeholt, A A B},
    number = {1},
    month = {2},
    pages = {36--42},
    volume = {4},
    url = {https://doi.org/10.1007/s13629-014-0008-5},
    doi = {10.1007/s13629-014-0008-5},
    issn = {2211-4718}
}

@article{Rubanova2019,
    title = {{Latent ODEs for Irregularly-Sampled Time Series}},
    year = {2019},
    author = {Rubanova, Yulia and Chen, Ricky T. Q. and Duvenaud, David},
    month = {7},
    url = {http://arxiv.org/abs/1907.03907},
    arxivId = {1907.03907}
}

@article{Kindermans2017,
    title = {{Learning how to explain neural networks: PatternNet and PatternAttribution}},
    year = {2017},
    journal = {arXiv preprint},
    author = {Kindermans, Pieter-Jan and Sch{\"{u}}tt, Kristof T. and Alber, Maximilian and M{\"{u}}ller, Klaus-Robert and Erhan, Dumitru and Kim, Been and D{\"{a}}hne, Sven},
    arxivId = {1705.05598}
}

@techreport{Krizhevsky2009,
    title = {{Learning Multiple Layers of Features from Tiny Images}},
    year = {2009},
    author = {Krizhevsky, Alex},
    institution = {University of Toronto}
}

@article{Rumelhart1986,
    title = {{Learning representations by back-propagating errors}},
    year = {1986},
    journal = {Nature},
    author = {Rumelhart, David E and Hinton, Geoffrey E and Williams, Ronald J},
    number = {6088},
    month = {10},
    pages = {533--536},
    volume = {323},
    url = {http://dx.doi.org/10.1038/323533a0}
}

@inproceedings{Recasens2018,
    title = {{Learning to Zoom: a Saliency-Based Sampling Layer for Neural Networks}},
    year = {2018},
    booktitle = {European Conference on Computer Vision},
    author = {Recasens, Adrià and Kellnhofer, Petr and Stent, Simon and Matusik, Wojciech and Torralba, Antonio},
    month = {9},
    url = {http://arxiv.org/abs/1809.03355},
    arxivId = {1809.03355}
}

@article{Zeiler2014,
    title = {{LNCS 8689 - Visualizing and Understanding Convolutional Networks}},
    year = {2014},
    author = {Zeiler, Matthew D and Fergus, Rob}
}

@article{Gertych2015,
    title = {{Machine learning approaches to analyze histological images of tissues from radical prostatectomies}},
    year = {2015},
    journal = {Computerized Medical Imaging and Graphics},
    author = {Gertych, Arkadiusz and Ing, Nathan and Ma, Zhaoxuan and Fuchs, Thomas J and Salman, Sadri and Mohanty, Sambit and Bhele, Sanica and Vel{\'{a}}squez-Vacca, Adriana and Amin, Mahul B and Knudsen, Beatrice S},
    pages = {197--208},
    volume = {46},
    publisher = {Elsevier Ltd},
    url = {http://dx.doi.org/10.1016/j.compmedimag.2015.08.002},
    isbn = {1879-0771 (Electronic){\$}{\textbackslash}{\$}r0895-6111 (Linking)},
    doi = {10.1016/j.compmedimag.2015.08.002},
    issn = {18790771},
    pmid = {26362074},
    keywords = {Image analysis, Machine learning, Prostate cancer, Tissue classification, Tissue quantification}
}

@inproceedings{Zhang2019a,
    title = {{Making Convolutional Networks Shift-Invariant Again}},
    year = {2019},
    booktitle = {Proceedings of the 36th International Conference on Machine Learning},
    author = {Zhang, Richard},
    month = {4},
    url = {http://arxiv.org/abs/1904.11486},
    arxivId = {1904.11486}
}

@article{Ballal2012a,
    title = {{Matrix Capsules With Em Routing}},
    year = {2012},
    journal = {International Conference on Learning Representations},
    author = {Ballal, Dilip and Zelina, Joseph},
    pages = {1--15},
    url = {http://arc.aiaa.org/doi/10.2514/6.2003-4412},
    isbn = {978-1-62410-098-7},
    doi = {10.2514/6.2003-4412},
    issn = {10495258},
    pmid = {215550},
    arxivId = {1710.09829}
}

@article{Becker2000,
    title = {{mHealth 2.0: Experiences, Possibilities, and Perspectives}},
    year = {2000},
    journal = {JMIR mHealth uHealth},
    author = {Becker, Stefan and Miron-Shatz, Talya and Schumacher, Nikolaus and Krocza, Johann and Diamantidis, Clarissa and Albrecht, Urs-Vito},
    month = {1},
    pages = {e24},
    volume = {2},
    url = {http://readerific.com/exported/?a=25ff1d papers3://publication/uuid/AFBE7A87-01B6-4EBE-BBA0-9168F41F8F30}
}

@article{Trahearn2015,
    title = {{Multi-class stain separation using independent component analysis}},
    year = {2015},
    journal = {Proc. of SPIE 9420, Medical Imaging 2015: Digital Pathology},
    author = {Trahearn, Nicholas and David, Snead and Ian, Cree and Nasir, Rajpoot},
    url = {http://spie.org/Publications/Proceedings/Paper/10.1117/12.2081933},
    keywords = {colour deconvolution, independent component analysis, stain separation}
}

@article{Amores2013,
    title = {{Multiple instance classification: Review, taxonomy and comparative study}},
    year = {2013},
    journal = {Artificial Intelligence},
    author = {Amores, Jaume},
    month = {8},
    pages = {81--105},
    volume = {201},
    publisher = {Elsevier},
    doi = {10.1016/j.artint.2013.06.003},
    issn = {00043702},
    keywords = {Bag-of-Words, Codebook, Multi-instance learning}
}

@inproceedings{Couture2018,
    title = {{Multiple Instance Learning for Heterogeneous Images: Training a CNN for Histopathology}},
    year = {2018},
    booktitle = {Medical Image Computing and Computer Assisted Intervention -- MICCAI 2018},
    author = {Couture, Heather D and Marron, J S and Perou, Charles M and Troester, Melissa A and Niethammer, Marc},
    editor = {Frangi, Alejandro F and Schnabel, Julia A and Davatzikos, Christos and Alberola-L{\'{o}}pez, Carlos and Fichtinger, Gabor},
    pages = {254--262},
    publisher = {Springer International Publishing},
    address = {Cham},
    isbn = {978-3-030-00934-2}
}

@article{Quellec2017,
    title = {{Multiple-Instance Learning for Medical Image and Video Analysis}},
    year = {2017},
    journal = {IEEE Reviews in Biomedical Engineering},
    author = {Quellec, Gwenole and Cazuguel, Guy and Cochener, Beatrice and Lamard, Mathieu},
    pages = {213--234},
    volume = {10},
    url = {http://ieeexplore.ieee.org/document/7812612/},
    doi = {10.1109/RBME.2017.2651164},
    issn = {1937-3333}
}

@techreport{Tellez,
    title = {{Neural Image Compression for Gigapixel Histopathology Image Analysis}},
    author = {Tellez, David and Litjens, Geert and Van Der Laak, Jeroen},
    url = {https://arxiv.org/pdf/1811.02840.pdf},
    arxivId = {1811.02840v1},
    keywords = {Index Terms-Gigapixel image analysis, convolutional neural networks, representation learning}
}

@article{Tellez2019,
    title = {{Neural Image Compression for Gigapixel Histopathology Image Analysis}},
    journal = {IEEE Transactions on Pattern Analysis and Machine Intelligence},
    author = {Tellez, D and Litjens, G and van der Laak, J and Ciompi, F},
    volume = {in press},
    doi = {10.1109/TPAMI.2019.2936841},
    keywords = {Gigapixel image analysis, Image analysis, Image coding, Image reconstruction, Neural networks, Task analysis, Training, Visualization, computational pathology, convolutional neural networks, representation learning}
}

@article{Chen2018,
    title = {{Neural Ordinary Differential Equations}},
    year = {2018},
    author = {Chen, Tian Qi and Rubanova, Yulia and Bettencourt, Jesse and Duvenaud, David},
    url = {http://arxiv.org/abs/1806.07366},
    arxivId = {1806.07366}
}

@article{VanderLaak2019,
    title = {{No pixel-level annotations needed}},
    year = {2019},
    journal = {Nature Biomedical Engineering},
    author = {van der Laak, Jeroen and Ciompi, Francesco and Litjens, Geert},
    number = {11},
    month = {10},
    pages = {855--856},
    volume = {3},
    publisher = {Nature Publishing Group},
    doi = {10.1038/s41551-019-0472-6},
    issn = {2157846X},
    keywords = {Cancer, Computational models, Diagnostic markers, Medical imaging}
}

@article{Fallis2013,
    title = {{No Title No Title}},
    year = {2013},
    journal = {Journal of Chemical Information and Modeling},
    author = {Fallis, A.G},
    number = {9},
    pages = {1689--1699},
    volume = {53},
    isbn = {9788578110796},
    doi = {10.1017/CBO9781107415324.004},
    issn = {1098-6596},
    pmid = {25246403},
    arxivId = {arXiv:1011.1669v3},
    keywords = {icle}
}

@article{Of2018,
    title = {{On the Convergence of Adam and Beyond}},
    year = {2018},
    author = {Of, T H E Convergence},
    pages = {1--23}
}

@misc{Su2017,
    title = {{One pixel attack for fooling deep neural networks}},
    year = {2017},
    author = {Su, Jiawei and Vargas, Danilo Vasconcellos and Kouichi, Sakurai},
    url = {http://arxiv.org/abs/1710.08864},
    arxivId = {1710.08864}
}

@article{Green2006,
    title = {{Paper or plastic? Data equivalence in paper and electronic diaries.}},
    year = {2006},
    journal = {Psychological methods},
    author = {Green, Amie S and Rafaeli, Eshkol and Bolger, Niall and Shrout, Patrick E and Reis, Harry T},
    number = {1},
    month = {3},
    pages = {87--105},
    volume = {11},
    publisher = {American Psychological Association},
    url = {http://doi.apa.org/getdoi.cfm?doi=10.1037/1082-989X.11.1.87 papers3://publication/doi/10.1037/1082-989X.11.1.87},
    address = {Department of Psychology, New York University, New York, NY 10003, USA. asg228@nyu.edu}
}

@inproceedings{Hou2016,
    title = {{Patch-Based Convolutional Neural Network for Whole Slide Tissue Image Classification}},
    year = {2016},
    booktitle = {2016 IEEE Conference on Computer Vision and Pattern Recognition (CVPR)},
    author = {Hou, L and Samaras, D and Kurc, T M and Gao, Y and Davis, J E and Saltz, J H},
    pages = {2424--2433},
    doi = {10.1109/CVPR.2016.266},
    issn = {1063-6919},
    keywords = {CNN training, Cancer, EM based method, Image resolution, Neural networks, Predictive models, Robustness, Training, Visualization, WSI, cancer, cancer subtype differentiation, cellular-level visual features, decision fusion model training, discriminative patch automatic location, expectation-maximization based method, glioma classification, image classification, image patch scale, learning (artificial intelligence), medical image processing, neural nets, nonsmall-cell lung carcinoma, optimisation, patch spatial relationships, patch-based CNN, patch-based convolutional neural network, patch-level CNN, patch-level classifier, patch-level prediction aggregation, whole slide tissue image classification}
}

@article{Stone2003,
    title = {{Patient compliance with paper and electronic diaries}},
    year = {2003},
    journal = {Controlled Clinical Trials},
    author = {Stone, Arthur A and Shiffman, Saul and Schwartz, Joseph E and Broderick, Joan E and Hufford, Michael R},
    month = {4},
    pages = {182--199},
    volume = {24},
    url = {http://readerific.com/exported/?a=58c71c papers3://publication/uuid/F8D91120-FA05-41CB-A6C6-4EEA40FB74A4}
}

@article{Woods2011,
    title = {{Patient Use of Smartphones to Communicate Subjective Data in Clinical Trials}},
    year = {2011},
    journal = {Optometry and Vision Science},
    author = {Woods, Craig A and Dumbleton, Kathryn and Jones, Lyndon and Fonn, Desmond},
    month = {2},
    pages = {290--294},
    volume = {88},
    url = {http://readerific.com/exported/?a=76a210 papers3://publication/uuid/80135FB7-A47B-4E63-9C5B-721420BF32BD}
}

@article{articleb,
    title = {{PHARMACOLOGY E-LEARNING 2.0-WEB VS. APP}},
    year = {2014},
    journal = {British Journal of Clinical Pharmacology},
    author = {Rissmann, Robert and H. F. M. Pinckaers, J and de Man, Andries and Cohen, Adam and A. Dubois, E},
    pages = {772},
    volume = {78}
}

@article{Veta2019,
    title = {{Predicting breast tumor proliferation from whole-slide images: The TUPAC16 challenge}},
    year = {2019},
    journal = {Medical Image Analysis},
    author = {Veta, Mitko and Heng, Yujing J. and Stathonikos, Nikolas and Bejnordi, Babak Ehteshami and Beca, Francisco and Wollmann, Thomas and Rohr, Karl and Shah, Manan A. and Wang, Dayong and Rousson, Mikael and Hedlund, Martin and Tellez, David and Ciompi, Francesco and Zerhouni, Erwan and Lanyi, David and Viana, Matheus and Kovalev, Vassili and Liauchuk, Vitali and Phoulady, Hady Ahmady and Qaiser, Talha and Graham, Simon and Rajpoot, Nasir and Sj{\"{o}}blom, Erik and Molin, Jesper and Paeng, Kyunghyun and Hwang, Sangheum and Park, Sunggyun and Jia, Zhipeng and Chang, Eric I.Chao and Xu, Yan and Beck, Andrew H. and van Diest, Paul J. and Pluim, Josien P.W.},
    month = {5},
    pages = {111--121},
    volume = {54},
    publisher = {Elsevier B.V.},
    doi = {10.1016/j.media.2019.02.012},
    issn = {13618423},
    keywords = {Breast cancer, Cancer prognostication, Deep learning, Tumor proliferation}
}

@inproceedings{Katharopoulos2019,
    title = {{Processing Megapixel Images with Deep Attention-Sampling Models}},
    year = {2019},
    booktitle = {Proceedings of the 36th International Conference on Machine Learning},
    author = {Katharopoulos, Angelos and Fleuret, François},
    month = {5},
    url = {http://arxiv.org/abs/1905.03711},
    arxivId = {1905.03711}
}

@article{10.1093/jnci/djp278,
    title = {{Prostate Cancer Diagnosis and Treatment After the Introduction of Prostate-Specific Antigen Screening: 1986–2005}},
    year = {2009},
    journal = {JNCI: Journal of the National Cancer Institute},
    author = {Welch, H Gilbert and Albertsen, Peter C},
    number = {19},
    pages = {1325--1329},
    volume = {101},
    url = {https://doi.org/10.1093/jnci/djp278},
    doi = {10.1093/jnci/djp278},
    issn = {0027-8874}
}

@article{Ruifrok2001,
    title = {{Quantification of histochemical staining by color deconvolution}},
    year = {2001},
    journal = {Analytical and Quantitative Cytology and Histology},
    author = {Ruifrok, A. C. and Johnston, D. A.},
    number = {4},
    pages = {291--299},
    volume = {23},
    isbn = {0884-6812 (Print){\textbackslash}r0884-6812 (Linking)},
    doi = {10.1097/00129039-200303000-00014},
    issn = {08846812},
    pmid = {11531144},
    arxivId = {arXiv:1011.1669v3},
    keywords = {Color deconvolution, Color separation, Computer-assisted, Image processing, Immunohistochemistry}
}

@article{Oliver2018,
    title = {{Realistic Evaluation of Deep Semi-Supervised Learning Algorithms}},
    year = {2018},
    author = {Oliver, Avital and Odena, Augustus and Raffel, Colin and Cubuk, Ekin D. and Goodfellow, Ian J.},
    doi = {10.1016/S0090-4295(01)01062-7},
    issn = {00904295},
    arxivId = {1804.09170}
}

@inproceedings{Mnih2014,
    title = {{Recurrent Models of Visual Attention}},
    year = {2014},
    booktitle = {Proceedings of the 27th International Conference on Neural Information Processing Systems - Volume 2},
    author = {Mnih, Volodymyr and Heess, Nicolas and Graves, Alex and Kavukcuoglu, Koray},
    pages = {2204--2212},
    publisher = {MIT Press},
    url = {http://dl.acm.org/citation.cfm?id=2969033.2969073},
    address = {Cambridge, MA, USA}
}

@article{Dong2018,
    title = {{Reinforced Auto-Zoom Net: Towards Accurate and Fast Breast Cancer Segmentation in Whole-slide Images}},
    year = {2018},
    journal = {CoRR},
    author = {Dong, Nanqing and Kampffmeyer, Michael and Liang, Xiaodan and Wang, Zeya and Dai, Wei and Xing, Eric P.},
    volume = {abs/1807.1},
    url = {http://arxiv.org/abs/1807.11113},
    arxivId = {1807.11113}
}

@article{Bandi2019a,
    title = {{Resolution-agnostic tissue segmentation in whole-slide histopathology images with  convolutional neural networks.}},
    year = {2019},
    journal = {PeerJ},
    author = {B{\'{a}}ndi, Péter and Balkenhol, Maschenka and van Ginneken, Bram and van der Laak, Jeroen and Litjens, Geert},
    pages = {e8242},
    volume = {7},
    doi = {10.7717/peerj.8242},
    issn = {2167-8359 (Print)},
    pmid = {31871843},
    language = {eng}
}

@article{Chen2017,
    title = {{Rethinking Atrous Convolution for Semantic Image Segmentation}},
    year = {2017},
    author = {Chen, Liang-Chieh and Papandreou, George and Schroff, Florian and Adam, Hartwig},
    month = {6},
    url = {http://arxiv.org/abs/1706.05587},
    arxivId = {1706.05587}
}

@article{He2018,
    title = {{Rethinking ImageNet Pre-training}},
    year = {2018},
    author = {He, Kaiming and Girshick, Ross and Doll{\'{a}}r, Piotr},
    month = {11},
    url = {http://arxiv.org/abs/1811.08883},
    arxivId = {1811.08883}
}

@article{Sun2017RevisitingUE,
    title = {{Revisiting Unreasonable Effectiveness of Data in Deep Learning Era}},
    year = {2017},
    journal = {2017 IEEE International Conference on Computer Vision (ICCV)},
    author = {Sun, Chen and Shrivastava, Abhinav and Singh, Saurabh and Gupta, Abhinav},
    pages = {843--852}
}

@phdthesis{Laurent2014,
    title = {{Rigid-motion scattering for image classification.}},
    year = {2014},
    author = {Laurent, Sifre}
}

@inproceedings{Graham2019,
    title = {{Rota-Net: Rotation Equivariant Network for Simultaneous Gland and Lumen Segmentation in Colon Histology Images}},
    year = {2019},
    booktitle = {Digital Pathology},
    author = {Graham, Simon and Epstein, David and Rajpoot, Nasir},
    editor = {Reyes-Aldasoro, Constantino Carlos and Janowczyk, Andrew and Veta, Mitko and Bankhead, Peter and Sirinukunwattana, Korsuk},
    pages = {109--116},
    publisher = {Springer International Publishing},
    address = {Cham},
    isbn = {978-3-030-23937-4}
}

@article{Loshchilov2016,
    title = {{SGDR: Stochastic Gradient Descent with Warm Restarts}},
    year = {2016},
    author = {Loshchilov, Ilya and Hutter, Frank},
    doi = {10.1002/fut},
    arxivId = {1608.03983}
}

@article{Eidnes,
    title = {{Shifting Mean Activation Towards Zero with Bipolar Activation Functions}},
    author = {Eidnes, Lars H and Norway, Trondheim and N{\o}kland, Arild},
    url = {https://arxiv.org/pdf/1709.04054.pdf}
}

@article{Lakshminarayanan2016,
    title = {{Simple and Scalable Predictive Uncertainty Estimation using Deep Ensembles}},
    year = {2016},
    author = {Lakshminarayanan, Balaji and Pritzel, Alexander and Blundell, Charles},
    number = {Nips},
    url = {http://arxiv.org/abs/1612.01474},
    arxivId = {1612.01474}
}

@inproceedings{Smilkov2017,
    title = {{SmoothGrad: removing noise by adding noise}},
    year = {2017},
    booktitle = {ICML workshop on Visualization for deep learning},
    author = {Smilkov, Daniel and Thorat, Nikhil and Kim, Been and Vi{\'{e}}gas, Fernanda B and Wattenberg, Martin},
    url = {http://arxiv.org/abs/1706.03825},
    arxivId = {1706.03825}
}

@article{Bejnordi2016,
    title = {{Stain specific standardization of whole-slide histopathological images}},
    year = {2016},
    journal = {IEEE Transactions on Medical Imaging},
    author = {Bejnordi, Babak Ehteshami and Litjens, Geert and Timofeeva, Nadya and Otte-H{\"{o}}ller, Irene and Homeyer, André and Karssemeijer, Nico and Van Der Laak, Jeroen A.W.M.},
    number = {2},
    pages = {404--415},
    volume = {35},
    doi = {10.1109/TMI.2015.2476509},
    issn = {1558254X},
    pmid = {26353368},
    keywords = {Computer-aided diagnosis, H{\&}E staining, Huesaturation-density, Standardization, Whole-slide image color standardizer (WSICS), Whole-slide imaging}
}

@article{Pinckaers2019,
    title = {{Streaming convolutional neural networks for end-to-end learning with multi-megapixel images}},
    year = {2019},
    journal = {arXiv preprint},
    author = {Pinckaers, Hans and van Ginneken, Bram and Litjens, Geert},
    volume = {1911.04432},
    arxivId = {cs.CV/1911.04432}
}

@article{Ianni2020,
    title = {{Tailored for Real-World: A Whole Slide Image Classification System Validated on Uncurated Multi-Site Data Emulating the Prospective Pathology Workload}},
    year = {2020},
    journal = {Scientific Reports},
    author = {Ianni, Julianna D and Soans, Rajath E and Sankarapandian, Sivaramakrishnan and Chamarthi, Ramachandra Vikas and Ayyagari, Devi and Olsen, Thomas G and Bonham, Michael J and Stavish, Coleman C and Motaparthi, Kiran and Cockerell, Clay J and Feeser, Theresa A and Lee, Jason B},
    number = {1},
    pages = {3217},
    volume = {10},
    url = {https://doi.org/10.1038/s41598-020-59985-2},
    doi = {10.1038/s41598-020-59985-2},
    issn = {2045-2322}
}

@article{Chen2019,
    title = {{TensorMask: A Foundation for Dense Object Segmentation}},
    year = {2019},
    author = {Chen, Xinlei and Girshick, Ross and He, Kaiming and Doll{\'{a}}r, Piotr},
    month = {3},
    url = {http://arxiv.org/abs/1903.12174},
    arxivId = {1903.12174}
}

@article{Campanella2018,
    title = {{Terabyte-scale Deep Multiple Instance Learning for Classification and Localization in Pathology}},
    year = {2018},
    author = {Campanella, Gabriele and Silva, Vitor Werneck Krauss and Fuchs, Thomas J.},
    month = {5},
    url = {http://arxiv.org/abs/1805.06983},
    arxivId = {1805.06983}
}

@article{Weinstein2013,
    title = {{The Cancer Genome Atlas Pan-Cancer analysis project}},
    year = {2013},
    journal = {Nature Genetics},
    author = {Weinstein, John N and Collisson, Eric A and Mills, Gordon B and Shaw, Kenna R Mills and Ozenberger, Brad A and Ellrott, Kyle and Shmulevich, Ilya and Sander, Chris and Stuart, Joshua M and Stuart, Joshua M},
    number = {10},
    month = {10},
    pages = {1113--1120},
    volume = {45},
    url = {http://www.ncbi.nlm.nih.gov/pubmed/24071849 http://www.pubmedcentral.nih.gov/articlerender.fcgi?artid=PMC3919969 http://www.nature.com/articles/ng.2764},
    doi = {10.1038/ng.2764},
    issn = {1061-4036},
    pmid = {24071849}
}

@inproceedings{Gomez2017,
    title = {{The Reversible Residual Network: Backpropagation Without Storing Activations}},
    year = {2017},
    booktitle = {Proceedings of the 31st International Conference on Neural Information Processing Systems},
    author = {Gomez, Aidan N. and Ren, Mengye and Urtasun, Raquel and Grosse, Roger B.},
    month = {7},
    pages = {2211--2221},
    url = {http://arxiv.org/abs/1707.04585},
    arxivId = {1707.04585}
}

@article{DBLP:journals/corr/GomezRUG17,
    title = {{The Reversible Residual Network: Backpropagation Without Storing Activations}},
    year = {2017},
    journal = {arXiv},
    author = {Gomez, Aidan N and Ren, Mengye and Urtasun, Raquel and Grosse, Roger B},
    volume = {abs/1707.0},
    url = {http://arxiv.org/abs/1707.04585},
    arxivId = {1707.04585}
}

@inproceedings{Pinckaers2018,
    title = {{Training convolutional neural networks with megapixel images}},
    year = {2018},
    booktitle = {1st international conference on Medical Imaging with Deep Learning},
    author = {Pinckaers, Hans and Litjens, Geert},
    url = {http://arxiv.org/abs/1804.05712},
    arxivId = {1804.05712}
}

@article{Chen2016a,
    title = {{Training Deep Nets with Sublinear Memory Cost}},
    year = {2016},
    journal = {arXiv preprint},
    author = {Chen, Tianqi and Xu, Bing and Zhang, Chiyuan and Guestrin, Carlos},
    month = {4},
    volume = {1604.06174},
    url = {http://arxiv.org/abs/1604.06174},
    arxivId = {1604.06174}
}

@article{Courbariaux2014,
    title = {{Training deep neural networks with low precision multiplications}},
    year = {2014},
    author = {Courbariaux, Matthieu and Bengio, Yoshua and David, Jean-Pierre},
    month = {12},
    url = {http://arxiv.org/abs/1412.7024},
    arxivId = {1412.7024}
}

@inproceedings{ronneberger2015u,
    title = {{U-net: Convolutional networks for biomedical image segmentation}},
    year = {2015},
    booktitle = {International Conference on Medical image computing and computer-assisted intervention},
    author = {Ronneberger, Olaf and Fischer, Philipp and Brox, Thomas},
    pages = {234--241},
    organization = {Springer}
}

@article{Runge1895,
    title = {{Ueber die numerische Aufl{\"{o}}sung von Differentialgleichungen.}},
    year = {1895},
    journal = {Mathematische Annalen},
    author = {Runge, C},
    pages = {167--178},
    volume = {46},
    url = {http://eudml.org/doc/157756}
}

@inproceedings{Mahendran2015,
    title = {{Understanding deep image representations by inverting them}},
    year = {2015},
    booktitle = {Proceedings of the IEEE Computer Society Conference on Computer Vision and Pattern Recognition},
    author = {Mahendran, Aravindh and Vedaldi, Andrea},
    isbn = {9781467369640},
    doi = {10.1109/CVPR.2015.7299155},
    issn = {10636919},
    pmid = {903},
    arxivId = {1412.0035}
}

@inproceedings{Marneffe2014,
    title = {{Universal Stanford Dependencies: a Cross-Linguistic Typology}},
    year = {2014},
    booktitle = {Proceedings of the Ninth International Conference on Language Resources and Evaluation (LREC'14)},
    author = {Marneffe, MC de Marie-catherine De and Dozat, Timothy and Silveira, Natalia and Haverinen, Katri and Ginter, Filip and Nivre, Joakim and Manning, Christopher D},
    isbn = {978-2-9517408-8-4},
    keywords = {dependency grammar, grammatical taxonomy, stanford dependencies}
}

@article{Finley1974,
    title = {{Use of the RC time constant for CO in the measurement of diffusing capacity.}},
    year = {1974},
    journal = {The American review of respiratory disease},
    author = {Finley, T N and Engelman, E P and Packer, B and Aronow, A and Cosentino, A M},
    number = {6},
    pages = {682--684},
    volume = {109},
    pmid = {4835592}
}

@article{VIPS1996,
    title = {{VIPS: An imaging processing system for large images}},
    year = {1996},
    journal = {Proceedings of SPIE - The International Society for Optical Engineering},
    author = {Cupitt, John and Martinez, Kirk},
    pages = {19 – 28},
    volume = {1663},
    doi = {10.1117/12.233043}
}

@article{Wang2019z,
    title = {{Weakly Supervised Deep Learning for Whole Slide Lung Cancer Image Analysis}},
    year = {2019},
    journal = {IEEE Transactions on Cybernetics},
    author = {Wang, X and Chen, H and Gan, C and Lin, H and Dou, Q and Tsougenis, E and Huang, Q and Cai, M and Heng, P},
    pages = {1--13},
    doi = {10.1109/TCYB.2019.2935141},
    issn = {2168-2275},
    keywords = {Cancer, Deep learning, Feature extraction, Image analysis, Lung, Supervised learning, Task analysis, Tumors, histology image analysis, weakly supervised learning, whole slide images (WSIs)}
}

@inproceedings{Salimans2016,
    title = {{Weight normalization: A simple reparameterization to accelerate training of deep neural networks}},
    year = {2016},
    booktitle = {Advances in Neural Information Processing Systems},
    author = {Salimans, Tim and Kingma, Diederik P.},
    issn = {10495258}
}

@article{Zagoruyko2016,
    title = {{Wide Residual Networks}},
    year = {2016},
    author = {Zagoruyko, Sergey and Komodakis, Nikos},
    month = {5},
    url = {http://arxiv.org/abs/1605.07146},
    arxivId = {1605.07146}
}

@inproceedings{Zagoruyko2016a,
    title = {{Wide Residual Networks}},
    year = {2016},
    booktitle = {Procedings of the British Machine Vision Conference 2016},
    author = {Zagoruyko, Sergey and Komodakis, Nikos},
    month = {5},
    pages = {1--87},
    publisher = {British Machine Vision Association},
    url = {http://arxiv.org/abs/1605.07146 http://www.bmva.org/bmvc/2016/papers/paper087/index.html},
    isbn = {1-901725-59-6},
    doi = {10.5244/C.30.87},
    arxivId = {1605.07146}
}

@inproceedings{Chollet2017,
    title = {{Xception: Deep Learning with Depthwise Separable Convolutions}},
    year = {2017},
    booktitle = {2017 IEEE Conference on Computer Vision and Pattern Recognition (CVPR)},
    author = {Chollet, F},
    pages = {1800--1807},
    doi = {10.1109/CVPR.2017.195},
    keywords = {Biological neural networks, Computer architecture, Convolutional codes, Correlation, Google, ImageNet dataset, Inception V3, Inception module, Xception, deep convolutional neural network architecture, deep learning, depthwise separable convolution operation, feedforward neural nets, image classification, image classification dataset, learning (artificial intelligence), neural net architecture, pointwise convolution, regular convolution}
}

@article{NoTitle,
    title = {{(No Title)}}
}

@misc{Litjens20181399Dataset,
    title = {{1399 H{\&}E-stained sentinel lymph node sections of breast cancer patients: The CAMELYON dataset}},
    year = {2018},
    booktitle = {GigaScience},
    author = {Litjens, Geert and Bandi, Peter and Bejnordi, Babak Ehteshami and Geessink, Oscar and Balkenhol, Maschenka and Bult, Peter and Halilovic, Altuna and Hermsen, Meyke and van de Loo, Rob and Vogels, Rob and Manson, Quirine F. and Stathonikos, Nikolas and Baidoshvili, Alexi and van Diest, Paul and Wauters, Carla and van Dijk, Marcory and van der Laak, Jeroen},
    number = {6},
    month = {6},
    volume = {7},
    publisher = {Oxford University Press},
    doi = {10.1093/gigascience/giy065},
    issn = {2047217X},
    keywords = {Breast cancer, Grand challenge, Lymph node metastases, Sentinel node, Whole-slide images}
}

@article{Vesal2019ACT,
    title = {{A 2D dilated residual U-Net for multi-organ segmentation in thoracic CT}},
    year = {2019},
    author = {Vesal, Sulaiman and Ravikumar, Nishant and Maier, Andreas},
    month = {5},
    url = {http://arxiv.org/abs/1905.07710},
    arxivId = {1905.07710}
}

@article{Epstein2016AScore,
    title = {{A Contemporary Prostate Cancer Grading System: A Validated Alternative to the Gleason Score}},
    year = {2016},
    journal = {European Urology},
    author = {Epstein, Jonathan I. and Zelefsky, Michael J. and Sjoberg, Daniel D. and Nelson, Joel B. and Egevad, Lars and Magi-Galluzzi, Cristina and Vickers, Andrew J. and Parwani, Anil V. and Reuter, Victor E. and Fine, Samson W. and Eastham, James A. and Wiklund, Peter and Han, Misop and Reddy, Chandana A. and Ciezki, Jay P. and Nyberg, Tommy and Klein, Eric A.},
    number = {3},
    month = {3},
    pages = {428--435},
    volume = {69},
    url = {http://www.ncbi.nlm.nih.gov/pubmed/26166626 http://www.pubmedcentral.nih.gov/articlerender.fcgi?artid=PMC5002992 http://linkinghub.elsevier.com/retrieve/pii/S0302283815005576},
    doi = {10.1016/j.eururo.2015.06.046},
    issn = {03022838},
    pmid = {26166626},
    keywords = {Gleason grade, Gleason score}
}

@article{Smith2018ADecay,
    title = {{A disciplined approach to neural network hyper-parameters: Part 1 -- learning rate, batch size, momentum, and weight decay}},
    year = {2018},
    author = {Smith, Leslie N.},
    arxivId = {1803.09820}
}

@article{Goyal2017AccurateHour,
    title = {{Accurate, Large Minibatch SGD: Training ImageNet in 1 Hour}},
    year = {2017},
    author = {Goyal, Priya and Doll{\'{a}}r, Piotr and Girshick, Ross and Noordhuis, Pieter and Wesolowski, Lukasz and Kyrola, Aapo and Tulloch, Andrew and Jia, Yangqing and He, Kaiming},
    isbn = {9781601987167},
    doi = {10.1561/2400000003},
    issn = {2167-3888},
    arxivId = {1706.02677}
}

@article{Kingma2014Adam:Optimization,
    title = {{Adam: A Method for Stochastic Optimization}},
    year = {2014},
    author = {Kingma, Diederik P. and Ba, Jimmy},
    month = {12},
    url = {http://arxiv.org/abs/1412.6980},
    arxivId = {1412.6980}
}

@techreport{XieAggregatedNetworks,
    title = {{Aggregated Residual Transformations for Deep Neural Networks}},
    author = {Xie, Saining and Girshick, Ross and Doll{\'{a}}r, Piotr and Tu, Zhuowen and He, Kaiming and San Diego, Uc},
    url = {https://github.com/facebookresearch/ResNeXt},
    arxivId = {1611.05431v2}
}

@article{MishkinAllInit,
    title = {{All you need is a good init}},
    author = {Mishkin, Dmytro and Matas, Jiri},
    url = {https://arxiv.org/pdf/1511.06422.pdf}
}

@article{Doyle2011AnAnnotation,
    title = {{An active learning based classification strategy for the minority class problem: Application to histopathology annotation}},
    year = {2011},
    journal = {BMC Bioinformatics},
    author = {Doyle, Scott and Monaco, James and Feldman, Michael and Tomaszewski, John and Madabhushi, Anant},
    isbn = {1471-2105 (Electronic){\textbackslash}r1471-2105 (Linking)},
    doi = {10.1186/1471-2105-12-424},
    issn = {14712105},
    pmid = {22034914},
    arxivId = {http://statistics.berkeley.edu/sites/default/files/tech-reports/367.pdf}
}

@article{Bai2018AnModeling,
    title = {{An Empirical Evaluation of Generic Convolutional and Recurrent Networks for Sequence Modeling}},
    year = {2018},
    author = {Bai, Shaojie and Kolter, J. Zico and Koltun, Vladlen},
    url = {http://arxiv.org/abs/1803.01271},
    arxivId = {1803.01271}
}

@article{HungApplyingImages,
    title = {{Applying Faster R-CNN for Object Detection on Malaria Images}},
    author = {Hung, Jane and Carpenter, Anna}
}

@article{Djavadifar2018ApplyingChallenge,
    title = {{Applying nnU-Net to the KiTS19 Grand Challenge}},
    year = {2018},
    author = {Djavadifar, A and Lasserre, P and Najjaran, H},
    pages = {1--7}
}

@article{Ilse2018Attention-basedLearning,
    title = {{Attention-based Deep Multiple Instance Learning}},
    year = {2018},
    author = {Ilse, Maximilian and Tomczak, Jakub M. and Welling, Max},
    month = {2},
    url = {http://arxiv.org/abs/1802.04712},
    arxivId = {1802.04712}
}

@article{Park2016AttentiveEvidence,
    title = {{Attentive Explanations: Justifying Decisions and Pointing to the Evidence}},
    year = {2016},
    author = {Park, Dong Huk and Hendricks, Lisa Anne and Akata, Zeynep and Schiele, Bernt and Darrell, Trevor and Rohrbach, Marcus},
    url = {http://arxiv.org/abs/1612.04757},
    arxivId = {1612.04757}
}

@article{Izmailov2018AveragingGeneralization,
    title = {{Averaging Weights Leads to Wider Optima and Better Generalization}},
    year = {2018},
    author = {Izmailov, Pavel and Podoprikhin, Dmitrii and Garipov, Timur and Vetrov, Dmitry and Wilson, Andrew Gordon},
    url = {http://arxiv.org/abs/1803.05407},
    arxivId = {1803.05407}
}

@article{HyvarinenBackgroundLearning,
    title = {{Background Time-contrastive learning Permutation-contrastive learning Nonlinear ICA using temporal structure: A principled framework for unsupervised deep learning}},
    author = {Hyv{\"{a}}rinen, Aapo and Morioka, Hiroshi}
}

@article{FurlanelloBornNetworks,
    title = {{Born Again Neural Networks}},
    author = {Furlanello, Tommaso and Lipton, Zachary C and Itti, Laurent and Anandkumar, Anima}
}

@article{Aitken2017CheckerboardResize,
    title = {{Checkerboard artifact free sub-pixel convolution: A note on sub-pixel convolution, resize convolution and convolution resize}},
    year = {2017},
    author = {Aitken, Andrew and Ledig, Christian and Theis, Lucas and Caballero, Jose and Wang, Zehan and Shi, Wenzhe},
    month = {7},
    url = {http://arxiv.org/abs/1707.02937},
    arxivId = {1707.02937}
}

@techreport{GitmanCOMPARISONCLASSIFICATION,
    title = {{COMPARISON OF BATCH NORMALIZATION AND WEIGHT NORMALIZATION ALGORITHMS FOR THE LARGE-SCALE IMAGE CLASSIFICATION}},
    author = {Gitman, Igor and Ginsburg, Boris and Clara, Santa},
    url = {https://arxiv.org/pdf/1709.08145.pdf},
    arxivId = {1709.08145v2}
}

@article{Roy2018ConcurrentNetworks,
    title = {{Concurrent Spatial and Channel Squeeze {\&}amp; Excitation in Fully Convolutional Networks}},
    year = {2018},
    author = {Roy, Abhijit Guha and Navab, Nassir and Wachinger, Christian},
    month = {3},
    url = {http://arxiv.org/abs/1803.02579},
    arxivId = {1803.02579}
}

@article{Jia2017ConstrainedSegmentation,
    title = {{Constrained Deep Weak Supervision for Histopathology Image Segmentation}},
    year = {2017},
    journal = {IEEE Transactions on Medical Imaging},
    author = {Jia, Zhipeng and Huang, Xingyi and Chang, Eric I.Chao and Xu, Yan},
    number = {11},
    volume = {36},
    doi = {10.1109/TMI.2017.2724070},
    issn = {1558254X}
}

@inproceedings{Sugawara2018ConvolutionalArtifacts,
    title = {{Convolutional Neural Networks Without Any Checkerboard Artifacts}},
    year = {2018},
    booktitle = {2018 26th European Signal Processing Conference (EUSIPCO)},
    author = {Sugawara, Yusuke and Shiota, Sayaka and Kiya, Hitoshi},
    month = {9},
    pages = {1317--1321},
    publisher = {IEEE},
    url = {https://ieeexplore.ieee.org/document/8553099/},
    isbn = {978-9-0827-9701-5},
    doi = {10.23919/EUSIPCO.2018.8553099}
}

@techreport{ZhangDecoupledSegmentation,
    title = {{Decoupled Spatial Neural Attention for Weakly Supervised Semantic Segmentation}},
    author = {Zhang, Tianyi and Lin, Guosheng and Cai, Jianfei and Shen, Tong and Shen, Chunhua and Kot, Alex C},
    url = {https://arxiv.org/pdf/1803.02563.pdf},
    arxivId = {1803.02563v1},
    keywords = {Deep Convolutional Neural Network (DCNN), Index Terms-Semantic Segmentation, Weakly-Supervised Learning}
}

@article{Rakhlin2018DeepAnalysis,
    title = {{Deep Convolutional Neural Networks for Breast Cancer Histology Image Analysis}},
    year = {2018},
    journal = {bioRxiv},
    author = {Rakhlin, Alexander and Shvets, Alexey and Iglovikov, Vladimir and Kalinin, Alexandr},
    month = {4},
    pages = {259911},
    publisher = {Cold Spring Harbor Laboratory},
    url = {https://www.biorxiv.org/content/early/2018/04/02/259911},
    doi = {10.1101/259911}
}

@article{Rivenson2018DeepTissue,
    title = {{Deep learning-based virtual histology staining using auto-fluorescence of label-free tissue}},
    year = {2018},
    author = {Rivenson, Yair and Wang, Hongda and Wei, Zhensong and Zhang, Yibo and Gunaydin, Harun and Ozcan, Aydogan},
    month = {3},
    url = {http://arxiv.org/abs/1803.11293},
    arxivId = {1803.11293}
}

@incollection{Zhu2017DeepClassification,
    title = {{Deep Multi-instance Networks with Sparse Label Assignment for Whole Mammogram Classification}},
    year = {2017},
    author = {Zhu, Wentao and Lou, Qi and Vang, Yeeleng Scott and Xie, Xiaohui},
    month = {9},
    pages = {603--611},
    publisher = {Springer, Cham},
    url = {http://link.springer.com/10.1007/978-3-319-66179-7_69},
    doi = {10.1007/978-3-319-66179-7{\_}69}
}

@article{PezzottiDeepEyes:Networks,
    title = {{DeepEyes: Progressive Visual Analytics for Designing Deep Neural Networks}},
    author = {Pezzotti, Nicola and Ollt, Thomas and Van Gemert, Jan and Lelieveldt, Boudewijn P F and Eisemann, Elmar and Vilanova, Anna},
    keywords = {Index Terms—Progressive visual analytics, deep neural networks, machine learning}
}

@article{Creswell2018DenoisingData,
    title = {{Denoising Adversarial Autoencoders: Classifying Skin Lesions Using Limited Labelled Training Data}},
    year = {2018},
    author = {Creswell, Antonia and Pouplin, Alison and Bharath, Anil A}
}

@article{Miconi2018DifferentiableBackpropagation,
    title = {{Differentiable plasticity: training plastic neural networks with backpropagation}},
    year = {2018},
    author = {Miconi, Thomas and Clune, Jeff and Stanley, Kenneth O.},
    url = {http://arxiv.org/abs/1804.02464},
    arxivId = {1804.02464}
}

@techreport{KandemirDIGITALCANCER,
    title = {{DIGITAL PATHOLOGY: MULTIPLE INSTANCE LEARNING CAN DETECT BARRETT'S CANCER}},
    author = {Kandemir, Melih and Feuchtinger, Annette and Walch, Axel and Hamprecht, Fred A},
    url = {https://hciweb.iwr.uni-heidelberg.de/sites/default/files/profiles/mkandemi/files/kandemir14digital.pdf}
}

@misc{Frosst2017DistillingTree,
    title = {{Distilling a Neural Network Into a Soft Decision Tree}},
    year = {2017},
    author = {Frosst, Nicholas and Hinton, Geoffrey},
    url = {http://arxiv.org/abs/1711.09784},
    arxivId = {1711.09784}
}

@article{Sabour2017DynamicCapsules,
    title = {{Dynamic Routing Between Capsules}},
    year = {2017},
    author = {Sabour, Sara and Frosst, Nicholas and Hinton, Geoffrey E},
    arxivId = {1710.09829}
}

@techreport{HouEfficientClassification,
    title = {{Efficient Multiple Instance Convolutional Neural Networks for Gigapixel Resolution Image Classification}},
    author = {Hou, Le and Samaras, Dimitris and Kurc, Tahsin M and Gao, Yi and Davis, James E and Saltz, Joel H},
    url = {https://pdfs.semanticscholar.org/c8f4/a7dc9e98ea0eb9313df3904f47c5357335a5.pdf},
    arxivId = {arXiv:1504.07947v3}
}

@techreport{LiangENHANCINGNETWORKS,
    title = {{ENHANCING THE RELIABILITY OF OUT-OF-DISTRIBUTION IMAGE DETECTION IN NEURAL NETWORKS}},
    author = {Liang, Shiyu and Li, Yixuan and Srikant, R},
    url = {https://github.com/facebookresearch/odin},
    arxivId = {arXiv:1706.02690v4}
}

@techreport{ShangExploringUnits,
    title = {{Exploring Normalization in Deep Residual Networks with Concatenated Rectified Linear Units}},
    author = {Shang, Wenling and Facebook, Justin Chiu and Sohn, Kihyuk},
    url = {www.aaai.org},
    keywords = {Machine Learning Applications}
}

@inproceedings{BengioFromCognition,
    title = {{From Deep Learning of Disentangled Representations to Higher-Level Cognition}},
    author = {Bengio, Yoshua}
}

@article{HuangGeneratingSelf-Attention,
    title = {{Generating Structured Music through Self-Attention}},
    author = {Huang, Anna and Vaswani, Ashish and Uszkoreit, Jakob and Shazeer, Noam and Dai, Andrew and Hoffman, Matt and Hawthorne, Curtis and Eck, Douglas}
}

@misc{Geoffrey,
    title = {{Geoffrey Hinton talk: What is wrong with convolutional neural nets ?}},
    url = {https://www.youtube.com/watch?v=rTawFwUvnLE}
}

@techreport{Schaumberg2016HE-stainedCancer,
    title = {{H{\&}E-stained Whole Slide Deep Learning Predicts SPOP Mutation State in Prostate Cancer}},
    year = {2016},
    booktitle = {bioRxiv},
    author = {Schaumberg, Andrew J. and Rubin, Mark A. and Fuchs, Thomas J.},
    doi = {10.1101/064279}
}

@misc{HowEffectively,
    title = {{How to Use t-SNE Effectively}},
    url = {https://distill.pub/2016/misread-tsne/}
}

@inproceedings{He2016IdentityNetworks,
    title = {{Identity mappings in deep residual networks}},
    year = {2016},
    booktitle = {Lecture Notes in Computer Science (including subseries Lecture Notes in Artificial Intelligence and Lecture Notes in Bioinformatics)},
    author = {He, Kaiming and Zhang, Xiangyu and Ren, Shaoqing and Sun, Jian},
    isbn = {9783319464923},
    doi = {10.1007/978-3-319-46493-0{\_}38},
    issn = {16113349}
}

@article{DeVries2017ImprovedCutout,
    title = {{Improved Regularization of Convolutional Neural Networks with Cutout}},
    year = {2017},
    author = {DeVries, Terrance and Taylor, Graham W.},
    month = {8},
    url = {http://arxiv.org/abs/1708.04552},
    arxivId = {1708.04552}
}

@article{Hackel2018InferenceNetworks,
    title = {{Inference, Learning and Attention Mechanisms that Exploit and Preserve Sparsity in Convolutional Networks}},
    year = {2018},
    author = {Hackel, Timo and Usvyatsov, Mikhail and Galliani, Silvano and Wegner, Jan D. and Schindler, Konrad},
    url = {http://arxiv.org/abs/1801.10585},
    arxivId = {1801.10585}
}

@misc{InterestingNetworks,
    title = {{Interesting analysis on Deep Neural networks}},
    url = {https://stats.stackexchange.com/questions/182734/what-is-the-difference-between-a-neural-network-and-a-deep-neural-network}
}

@article{Shi2016IsLayer,
    title = {{Is the deconvolution layer the same as a convolutional layer?}},
    year = {2016},
    author = {Shi, Wenzhe and Caballero, Jose and Theis, Lucas and Huszar, Ferenc and Aitken, Andrew and Ledig, Christian and Wang, Zehan},
    month = {9},
    url = {http://arxiv.org/abs/1609.07009},
    arxivId = {1609.07009}
}

@article{Huang2015JointSeparation,
    title = {{Joint Optimization of Masks and Deep Recurrent Neural Networks for Monaural Source Separation}},
    year = {2015},
    journal = {IEEE/ACM TRANSACTIONS ON AUDIO, SPEECH, AND LANGUAGE PROCESSING},
    author = {Huang, Po-Sen and Kim, Minje and Hasegawa-Johnson, Mark and Smaragdis, Paris},
    number = {12},
    volume = {23},
    url = {http://ieeexplore.ieee.org.},
    doi = {10.1109/TASLP.2015.2468583},
    keywords = {Deep Recurrent Neural Network, Discriminative Train-ing, Index Terms-Monaural Source Separation, Time-Frequency Masking}
}

@article{Rolinek2018L4:Learning,
    title = {{L4: Practical loss-based stepsize adaptation for deep learning}},
    year = {2018},
    author = {Rol{\'{i}}nek, Michal and Martius, Georg},
    url = {https://github.com/martius-lab/l4-optimizer/}
}

@article{LearningCS231n,
    title = {{Learning rates (from CS231n)}}
}

@article{Zoph2017LearningRecognition,
    title = {{Learning Transferable Architectures for Scalable Image Recognition}},
    year = {2017},
    author = {Zoph, Barret and Vasudevan, Vijay and Shlens, Jonathon and Le, Quoc V.},
    arxivId = {1707.07012}
}

@article{Bulo2017LossSegmentation,
    title = {{Loss Max-Pooling for Semantic Image Segmentation}},
    year = {2017},
    author = {Bul{\`{o}}, Samuel Rota and Neuhold, Gerhard and Kontschieder, Peter},
    url = {http://arxiv.org/abs/1704.02966},
    arxivId = {1704.02966}
}

@article{Garipov2018LossDNNs,
    title = {{Loss Surfaces, Mode Connectivity, and Fast Ensembling of DNNs}},
    year = {2018},
    author = {Garipov, Timur and Izmailov, Pavel and Podoprikhin, Dmitrii and Vetrov, Dmitry P. and Wilson, Andrew Gordon},
    url = {http://arxiv.org/abs/1802.10026},
    arxivId = {1802.10026}
}

@article{Cobb2018Loss-CalibratedNetworks,
    title = {{Loss-Calibrated Approximate Inference in Bayesian Neural Networks}},
    year = {2018},
    author = {Cobb, Adam D. and Roberts, Stephen J. and Gal, Yarin},
    month = {5},
    url = {http://arxiv.org/abs/1805.03901},
    arxivId = {1805.03901}
}

@article{Zhang2019MakingAgain,
    title = {{Making Convolutional Networks Shift-Invariant Again}},
    year = {2019},
    author = {Zhang, Richard},
    month = {4},
    url = {http://arxiv.org/abs/1904.11486},
    arxivId = {1904.11486}
}

@article{MazziniMAZZINI:Segmentation,
    title = {{MAZZINI: GUN FOR REAL-TIME SEMANTIC SEGMENTATION Guided Upsampling Network for Real-Time Semantic Segmentation}},
    author = {Mazzini, Davide},
    url = {https://arxiv.org/pdf/1807.07466.pdf},
    arxivId = {arXiv:1807.07466v1}
}

@book{MLBook,
    title = {{MLBook }},
    url = {https://mlbook.explained.ai/}
}

@article{Howard2017MobileNets:Applications,
    title = {{MobileNets: Efficient Convolutional Neural Networks for Mobile Vision Applications}},
    year = {2017},
    author = {Howard, Andrew G. and Zhu, Menglong and Chen, Bo and Kalenichenko, Dmitry and Wang, Weijun and Weyand, Tobias and Andreetto, Marco and Adam, Hartwig},
    month = {4},
    url = {http://arxiv.org/abs/1704.04861},
    arxivId = {1704.04861}
}

@article{Tellez2018NeuralAnalysis,
    title = {{Neural Image Compression for Gigapixel Histopathology Image Analysis}},
    year = {2018},
    author = {Tellez, David and Litjens, Geert and van der Laak, Jeroen and Ciompi, Francesco},
    month = {11},
    url = {http://arxiv.org/abs/1811.02840},
    arxivId = {1811.02840}
}

@article{Wang2017Non-localNetworks,
    title = {{Non-local Neural Networks}},
    year = {2017},
    author = {Wang, Xiaolong and Girshick, Ross and Gupta, Abhinav and He, Kaiming},
    arxivId = {1711.07971}
}

@article{Hoffer2018NormNetworks,
    title = {{Norm matters: efficient and accurate normalization schemes in deep networks}},
    year = {2018},
    author = {Hoffer, Elad and Banner, Ron and Golan, Itay and Soudry, Daniel},
    url = {http://arxiv.org/abs/1803.01814},
    arxivId = {1803.01814}
}

@techreport{Arpit2016NormalizationNetworks,
    title = {{Normalization Propagation: A Parametric Technique for Removing Internal Covariate Shift in Deep Networks}},
    year = {2016},
    author = {Arpit, Devansh and Zhou, Yingbo and Kota, Bhargava U and Govindaraju, Venu},
    url = {https://arxiv.org/pdf/1603.01431.pdf},
    arxivId = {1603.01431v6}
}

@article{Cheplygina2018Not-so-supervised:Analysis,
    title = {{Not-so-supervised: a survey of semi-supervised, multi-instance, and transfer learning in medical image analysis}},
    year = {2018},
    author = {Cheplygina, Veronika and de Bruijne, Marleen and Pluim, Josien P. W.},
    url = {http://arxiv.org/abs/1804.06353},
    arxivId = {1804.06353}
}

@article{Cheplygina2018Not-so-supervised:Analysisb,
    title = {{Not-so-supervised: a survey of semi-supervised, multi-instance, and transfer learning in medical image analysis}},
    year = {2018},
    author = {Cheplygina, Veronika and de Bruijne, Marleen and Pluim, Josien P. W.},
    arxivId = {1804.06353}
}

@techreport{WeiObjectApproach,
    title = {{Object Region Mining with Adversarial Erasing: A Simple Classification to Semantic Segmentation Approach}},
    author = {Wei, Yunchao and Feng, Jiashi and Liang, Xiaodan and Cheng, Ming-Ming and Zhao, Yao and Yan, Shuicheng},
    url = {https://arxiv.org/pdf/1703.08448.pdf},
    arxivId = {1703.08448v3}
}

@article{Yuan2018OCNet:Parsing,
    title = {{OCNet: Object Context Network for Scene Parsing}},
    year = {2018},
    author = {Yuan, Yuhui and Wang, Jingdong},
    month = {9},
    url = {http://arxiv.org/abs/1809.00916},
    arxivId = {1809.00916}
}

@article{Shwartz-Ziv2017OpeningInformation,
    title = {{Opening the Black Box of Deep Neural Networks via Information}},
    year = {2017},
    journal = {arXiv},
    author = {Shwartz-Ziv, Ravid and Tishby, Naftali},
    pages = {1--19},
    url = {http://arxiv.org/abs/1703.00810},
    isbn = {1703.00810},
    arxivId = {1703.00810},
    keywords = {Deep Learning, Deep Neural Networks, Information Bottleneck, Representation Learning}
}

@article{KirillovPanopticSegmentation,
    title = {{Panoptic Segmentation}},
    author = {Kirillov, Alexander and He, Kaiming and Girshick, Ross and Rother, Carsten and Doll{\'{a}}r, Piotr}
}

@techreport{HouPatch-basedClassification,
    title = {{Patch-based Convolutional Neural Network for Whole Slide Tissue Image Classification}},
    author = {Hou, Le and Samaras, Dimitris and Kurc, Tahsin M and Gao, Yi and Davis, James E and Saltz, Joel H},
    url = {http://openaccess.thecvf.com/content_cvpr_2016/papers/Hou_Patch-Based_Convolutional_Neural_CVPR_2016_paper.pdf}
}

@article{Ruderman2018PoolingCNNs,
    title = {{Pooling is neither necessary nor sufficient for appropriate deformation stability in CNNs}},
    year = {2018},
    author = {Ruderman, Avraham and Rabinowitz, Neil C. and Morcos, Ari S. and Zoran, Daniel},
    url = {http://arxiv.org/abs/1804.04438},
    arxivId = {1804.04438}
}

@article{Veta2019PredictingChallenge,
    title = {{Predicting breast tumor proliferation from whole-slide images: The TUPAC16 challenge}},
    year = {2019},
    journal = {Medical Image Analysis},
    author = {Veta, Mitko and Heng, Yujing J. and Stathonikos, Nikolas and Bejnordi, Babak Ehteshami and Beca, Francisco and Wollmann, Thomas and Rohr, Karl and Shah, Manan A. and Wang, Dayong and Rousson, Mikael and Hedlund, Martin and Tellez, David and Ciompi, Francesco and Zerhouni, Erwan and Lanyi, David and Viana, Matheus and Kovalev, Vassili and Liauchuk, Vitali and Phoulady, Hady Ahmady and Qaiser, Talha and Graham, Simon and Rajpoot, Nasir and Sj{\"{o}}blom, Erik and Molin, Jesper and Paeng, Kyunghyun and Hwang, Sangheum and Park, Sunggyun and Jia, Zhipeng and Chang, Eric I-Chao and Xu, Yan and Beck, Andrew H. and van Diest, Paul J. and Pluim, Josien P.W.},
    month = {5},
    pages = {111--121},
    volume = {54},
    url = {https://linkinghub.elsevier.com/retrieve/pii/S1361841518305231},
    doi = {10.1016/j.media.2019.02.012},
    issn = {13618415}
}

@article{Veta2018PredictingChallenge,
    title = {{Predicting breast tumor proliferation from whole-slide images: the TUPAC16 challenge}},
    year = {2018},
    author = {Veta, Mitko and Heng, Yujing J. and Stathonikos, Nikolas and Bejnordi, Babak Ehteshami and Beca, Francisco and Wollmann, Thomas and Rohr, Karl and Shah, Manan A. and Wang, Dayong and Rousson, Mikael and Hedlund, Martin and Tellez, David and Ciompi, Francesco and Zerhouni, Erwan and Lanyi, David and Viana, Matheus and Kovalev, Vassili and Liauchuk, Vitali and Phoulady, Hady Ahmady and Qaiser, Talha and Graham, Simon and Rajpoot, Nasir and Sj{\"{o}}blom, Erik and Molin, Jesper and Paeng, Kyunghyun and Hwang, Sangheum and Park, Sunggyun and Jia, Zhipeng and Chang, Eric I-Chao and Xu, Yan and Beck, Andrew H. and van Diest, Paul J. and Pluim, Josien P. W.},
    month = {7},
    url = {http://arxiv.org/abs/1807.08284 http://dx.doi.org/10.1016/j.media.2019.02.012},
    doi = {10.1016/j.media.2019.02.012},
    arxivId = {1807.08284}
}

@article{ProbabilisticUncertainty,
    title = {{Probabilistic modelling and representing uncertainty}},
    url = {https://www-nature-com.ru.idm.oclc.org/articles/nature14541.pdf},
    doi = {10.1038/nature14541}
}

@article{2005ProbabilityScience,
    title = {{Probability theory: the logic of science}},
    year = {2005},
    journal = {The Mathematical Intelligencer},
    number = {2},
    pages = {83--83},
    volume = {27},
    doi = {10.1007/bf02985800},
    issn = {0343-6993}
}

@article{Katharopoulos2019ProcessingModels,
    title = {{Processing Megapixel Images with Deep Attention-Sampling Models}},
    year = {2019},
    author = {Katharopoulos, Angelos and Fleuret, François},
    month = {5},
    url = {http://arxiv.org/abs/1905.03711},
    arxivId = {1905.03711}
}

@article{Krishnamoorthi2018QuantizingWhitepaper,
    title = {{Quantizing deep convolutional networks for efficient inference: A whitepaper}},
    year = {2018},
    author = {Krishnamoorthi, Raghuraman},
    url = {http://arxiv.org/abs/1806.08342},
    arxivId = {1806.08342}
}

@article{Shi2018QuaternionImage,
    title = {{Quaternion Grassmann Average Network for Learning Representation of Histopathological Image}},
    year = {2018},
    journal = {Pattern Recognition},
    author = {Shi, Jun and Zheng, Xiao and Wu, Jinjie and Gong, Bangming and Zhang, Qi and Ying, Shihui},
    url = {https://linkinghub.elsevier.com/retrieve/pii/S0031320318304345},
    doi = {10.1016/J.PATCOG.2018.12.013},
    issn = {0031-3203}
}

@techreport{MnihRecurrentAttention,
    title = {{Recurrent Models of Visual Attention}},
    author = {Mnih, Volodymyr and Heess, Nicolas and Graves, Alex and Kavukcuoglu, Koray and Deepmind, Google}
}

@article{Kong2017RecurrentGrouping,
    title = {{Recurrent Pixel Embedding for Instance Grouping}},
    year = {2017},
    author = {Kong, Shu and Fowlkes, Charless},
    url = {http://arxiv.org/abs/1712.08273},
    arxivId = {1712.08273}
}

@article{Masters2018RevisitingNetworks,
    title = {{Revisiting Small Batch Training for Deep Neural Networks}},
    year = {2018},
    author = {Masters, Dominic and Luschi, Carlo},
    url = {http://arxiv.org/abs/1804.07612},
    arxivId = {1804.07612}
}

@article{Amid2019RobustDivergences,
    title = {{Robust Bi-Tempered Logistic Loss Based on Bregman Divergences}},
    year = {2019},
    author = {Amid, Ehsan and Warmuth, Manfred K. and Anil, Rohan and Koren, Tomer},
    month = {6},
    url = {http://arxiv.org/abs/1906.03361},
    arxivId = {1906.03361}
}

@techreport{KolesnikovSeedSegmentation,
    title = {{Seed, Expand and Constrain: Three Principles for Weakly-Supervised Image Segmentation}},
    author = {Kolesnikov, Alexander and Lampert, Christoph H},
    url = {https://arxiv.org/pdf/1603.06098.pdf},
    arxivId = {1603.06098v3},
    keywords = {Weakly-supervised image segmentation, deep learning}
}

@article{Klambauer2017Self-NormalizingNetworks,
    title = {{Self-Normalizing Neural Networks}},
    year = {2017},
    journal = {arXiv preprint},
    author = {Klambauer, Günter and Unterthiner, Thomas and Mayr, Andreas and Hochreiter, Sepp},
    url = {https://arxiv.org/pdf/1706.02515.pdf}
}

@article{Parkinson2018SimilarFriendship,
    title = {{Similar neural responses predict friendship}},
    year = {2018},
    journal = {Nature Communications 2018 9:1},
    author = {Parkinson, Carolyn and Kleinbaum, Adam M. and Wheatley, Thalia},
    number = {1},
    pages = {332},
    volume = {9},
    url = {http://www.nature.com/articles/s41467-017-02722-7},
    doi = {10.1038/s41467-017-02722-7},
    issn = {2041-1723}
}

@article{Khoreva2016SimpleSegmentation,
    title = {{Simple Does It: Weakly Supervised Instance and Semantic Segmentation}},
    year = {2016},
    author = {Khoreva, Anna and Benenson, Rodrigo and Hosang, Jan and Hein, Matthias and Schiele, Bernt},
    month = {3},
    url = {http://arxiv.org/abs/1603.07485},
    arxivId = {1603.07485}
}

@article{Smilkov2017SmoothGrad:Noise,
    title = {{SmoothGrad: removing noise by adding noise}},
    year = {2017},
    author = {Smilkov, Daniel and Thorat, Nikhil and Kim, Been and Vi{\'{e}}gas, Fernanda and Wattenberg, Martin},
    month = {6},
    url = {http://arxiv.org/abs/1706.03825},
    arxivId = {1706.03825}
}

@article{Huang2017SnapshotFree,
    title = {{Snapshot Ensembles: Train 1, get M for free}},
    year = {2017},
    author = {Huang, Gao and Li, Yixuan and Pleiss, Geoff and Liu, Zhuang and Hopcroft, John E. and Weinberger, Kilian Q.},
    url = {http://arxiv.org/abs/1704.00109},
    arxivId = {arXiv:1704.00109}
}

@article{Cohen2016SteerableCNNs,
    title = {{Steerable CNNs}},
    year = {2016},
    author = {Cohen, Taco S. and Welling, Max},
    arxivId = {1612.08498}
}

@article{Springenberg2014StrivingNet,
    title = {{Striving for Simplicity: The All Convolutional Net}},
    year = {2014},
    author = {Springenberg, Jost Tobias and Dosovitskiy, Alexey and Brox, Thomas and Riedmiller, Martin},
    month = {12},
    url = {http://arxiv.org/abs/1412.6806},
    arxivId = {1412.6806}
}

@article{Ghafoorian2018StudentMR,
    title = {{Student Beats the Teacher: Deep Neural Networks for Lateral Ventricles Segmentation in Brain MR}},
    year = {2018},
    author = {Ghafoorian, Mohsen and Teuwen, Jonas and Manniesing, Rashindra and de Leeuw, Frank-Erik and van Ginneken, Bram and Karssemeijer, Nico and Platel, Bram},
    arxivId = {1801.05040}
}

@article{Sugawara2018Super-ResolutionArtifacts,
    title = {{Super-Resolution using Convolutional Neural Networks without Any Checkerboard Artifacts}},
    year = {2018},
    author = {Sugawara, Yusuke and Shiota, Sayaka and Kiya, Hitoshi},
    month = {6},
    url = {http://arxiv.org/abs/1806.02658},
    arxivId = {1806.02658}
}

@article{DeTone2017SuperPoint:Description,
    title = {{SuperPoint: Self-Supervised Interest Point Detection and Description}},
    year = {2017},
    author = {DeTone, Daniel and Malisiewicz, Tomasz and Rabinovich, Andrew},
    url = {http://arxiv.org/abs/1712.07629},
    arxivId = {1712.07629}
}

@inproceedings{Ciompi2017TheNetworks,
    title = {{The importance of stain normalization in colorectal tissue classification with convolutional networks}},
    year = {2017},
    booktitle = {Proceedings - International Symposium on Biomedical Imaging},
    author = {Ciompi, Francesco and Geessink, Oscar and Bejnordi, Babak Ehteshami and De Souza, Gabriel Silva and Baidoshvili, Alexi and Litjens, Geert and Van Ginneken, Bram and Nagtegaal, Iris and Van Der Laak, Jeroen},
    isbn = {9781509011711},
    doi = {10.1109/ISBI.2017.7950492},
    issn = {19458452},
    arxivId = {1702.05931},
    keywords = {Colorectal Cancer, Deep learning, Digital pathology}
}

@article{Berman2017TheNetworks,
    title = {{The Lov{\textbackslash}'asz-Softmax loss: A tractable surrogate for the optimization of the intersection-over-union measure in neural networks}},
    year = {2017},
    author = {Berman, Maxim and Triki, Amal Rannen and Blaschko, Matthew B.},
    month = {5},
    url = {http://arxiv.org/abs/1705.08790},
    arxivId = {1705.08790}
}

@misc{TheLearning,
    title = {{The Mechanics of Machine Learning}},
    url = {https://mlbook.explained.ai/}
}

@techreport{TheLearningb,
    title = {{The unreasonable effectiveness of (Zero)Initialization in deep residual learning}}
}

@article{ThinkSimple,
    title = {{Think Bayes Bayesian Statistics Made Simple}}
}

@article{Guergiuev2016TowardsDendrites,
    title = {{Towards deep learning with segregated dendrites}},
    year = {2016},
    author = {Guergiuev, Jordan and Lillicrap, Timothy P. and Richards, Blake A.},
    isbn = {1610.00161},
    doi = {arXiv:1610.00161},
    issn = {2050-084X},
    arxivId = {1610.00161}
}

@article{Hoshen2018TowardsUnmix-and-Remix,
    title = {{Towards Unsupervised Single-Channel Blind Source Separation using Adversarial Pair Unmix-and-Remix}},
    year = {2018},
    author = {Hoshen, Yedid},
    arxivId = {1812.07504}
}

@article{Chen2016TrainingCost,
    title = {{Training Deep Nets with Sublinear Memory Cost}},
    year = {2016},
    author = {Chen, Tianqi and Xu, Bing and Zhang, Chiyuan and Guestrin, Carlos},
    month = {4},
    url = {http://arxiv.org/abs/1604.06174},
    arxivId = {1604.06174}
}

@article{Nazeri2018Two-StageClassification,
    title = {{Two-Stage Convolutional Neural Network for Breast Cancer Histology Image Classification}},
    year = {2018},
    author = {Nazeri, Kamyar and Aminpour, Azad and Ebrahimi, Mehran},
    url = {http://arxiv.org/abs/1803.04054},
    arxivId = {1803.04054}
}

@article{McInnes2018UMAP:Reduction,
    title = {{UMAP: Uniform Manifold Approximation and Projection for Dimension Reduction}},
    year = {2018},
    author = {McInnes, Leland and Healy, John},
    url = {http://arxiv.org/abs/1802.03426},
    arxivId = {1802.03426}
}

@phdthesis{Gal2016UncertaintyLearning,
    title = {{Uncertainty in Deep Learning}},
    year = {2016},
    booktitle = {PhD Thesis},
    author = {Gal, Yarin},
    number = {October},
    pages = {174}
}

@article{Luo2017UnderstandingNetworks,
    title = {{Understanding the Effective Receptive Field in Deep Convolutional Neural Networks}},
    year = {2017},
    author = {Luo, Wenjie and Li, Yujia and Urtasun, Raquel and Zemel, Richard},
    month = {1},
    url = {http://arxiv.org/abs/1701.04128},
    arxivId = {1701.04128}
}

@article{Ma2018UsingCell,
    title = {{Using deep learning to model the hierarchical structure and function of a cell}},
    year = {2018},
    journal = {Nature Methods 2018},
    author = {Ma, Jianzhu and Yu, Michael Ku and Fong, Samson and Ono, Keiichiro and Sage, Eric and Demchak, Barry and Sharan, Roded and Ideker, Trey},
    url = {http://www.nature.com/doifinder/10.1038/nmeth.4627},
    doi = {10.1038/nmeth.4627},
    issn = {1548-7105}
}

@article{Neklyudov2018VarianceExpectations,
    title = {{Variance Networks: When Expectation Does Not Meet Your Expectations}},
    year = {2018},
    author = {Neklyudov, Kirill and Molchanov, Dmitry and Ashukha, Arsenii},
    arxivId = {1803.03764}
}

@techreport{Xie2019VOCA:GRABENSAMSKCC.ORG,
    title = {{VOCA: Cell Nuclei Detection In Histopathology Images By Vector Oriented Confidence Accumulation Anne Grabenstetter 2 GRABENSA@MSKCC.ORG}},
    year = {2019},
    booktitle = {Proceedings of Machine Learning Research},
    author = {Xie, Chensu and Vanderbilt, Chad M and Fuchs, Thomas J and Org, Fuchst@mskcc},
    pages = {527--539},
    volume = {102}
}

@article{Wang2018Weakly-SupervisedFeatures,
    title = {{Weakly-Supervised Semantic Segmentation by Iteratively Mining Common Object Features}},
    year = {2018},
    author = {Wang, Xiang and You, Shaodi and Li, Xi and Ma, Huimin},
    month = {6},
    url = {http://arxiv.org/abs/1806.04659},
    arxivId = {1806.04659}
}

@techreport{HuangWeakly-SupervisedGrowing,
    title = {{Weakly-Supervised Semantic Segmentation Network with Deep Seeded Region Growing}},
    author = {Huang, Zilong and Wang, Xinggang and Wang, Jiasi and Liu, Wenyu and Wang, Jingdong},
    url = {http://openaccess.thecvf.com/content_cvpr_2018/papers/Huang_Weakly-Supervised_Semantic_Segmentation_CVPR_2018_paper.pdf}
}

@article{Byrd2018WhatLearning,
    title = {{What is the effect of Importance Weighting in Deep Learning?}},
    year = {2018},
    author = {Byrd, Jonathon and Lipton, Zachary C.},
    month = {12},
    url = {http://arxiv.org/abs/1812.03372},
    arxivId = {1812.03372}
}

@techreport{MullerWhenHelp,
    title = {{When Does Label Smoothing Help?}},
    author = {M{\"{u}}ller, Rafael and Kornblith, Simon and Google, Geoffrey Hinton and Toronto, Brain},
    url = {https://arxiv.org/pdf/1906.02629.pdf},
    arxivId = {1906.02629v1}
}

@article{Hou2015Classification,
    title = {{[!] Efficient Multiple Instance Convolutional Neural Networks for Gigapixel Resolution Image Classification}},
    year = {2015},
    journal = {arXiv preprint arXiv: {\ldots}},
    author = {Hou, L and Samaras, D and Kurc, TM and Gao, Y},
    arxivId = {1504.07947}
}